[{"adult":false,"backdrop_path":"/VuukZLgaCrho2Ar8Scl9HtV3yD.jpg","belongs_to_collection":null,"budget":116000000,"genres":[{"id":878,"name":"Science Fiction"}],"homepage":"http://www.venom.movie/site/","id":335983,"imdb_id":"tt1270797","original_language":"en","original_title":"Venom","overview":"When Eddie Brock acquires the powers of a symbiote, he will have to release his alter-ego \"Venom\" to save his life.","popularity":269.691,"poster_path":"/2uNW4WbgBXL25BAbXGLnLqX71Sw.jpg","production_companies":[{"id":5,"logo_path":"/71BqEFAF4V3qjjMPCpLuyJFB9A.png","name":"Columbia Pictures","origin_country":"US","movie_id":335983},{"id":7505,"logo_path":"/837VMM4wOkODc1idNxGT0KQJlej.png","name":"Marvel Entertainment","origin_country":"US","movie_id":335983},{"id":34,"logo_path":"/GagSvqWlyPdkFHMfQ3pNq6ix9P.png","name":"Sony Pictures","origin_country":"US","movie_id":335983},{"id":31828,"logo_path":null,"name":"Avi Arad Productions","origin_country":"US","movie_id":335983}],"production_countries":[{"iso_3166_1":"US","name":"United States of America"}],"release_date":"2018-10-03","revenue":508400000,"runtime":112,"spoken_languages":[{"iso_639_1":"en","name":"English"}],"status":"Released","tagline":"The world has enough Superheroes.","title":"Venom","video":false,"vote_average":6.6,"vote_count":2413,"bechdel":"1"},{"adult":false,"backdrop_path":"/aw4FOsWr2FY373nKSxbpNi3fz4F.jpg","belongs_to_collection":{"id":87359,"name":"Mission: Impossible Collection","poster_path":"/gwyJPIhCK4Xz2WogeBnhCSQfUek.jpg","backdrop_path":"/1kvKAHlSdFZTT9mhAXR54ggkxOU.jpg"},"budget":178000000,"genres":[{"id":28,"name":"Action"},{"id":53,"name":"Thriller"},{"id":12,"name":"Adventure"}],"homepage":"https://www.missionimpossible.com/","id":353081,"imdb_id":"tt4912910","original_language":"en","original_title":"Mission: Impossible - Fallout","overview":"When an IMF mission ends badly, the world is faced with dire consequences. As Ethan Hunt takes it upon himself to fulfill his original briefing, the CIA begin to question his loyalty and his motives. The IMF team find themselves in a race against time, hunted by assassins while trying to prevent a global catastrophe.","popularity":138.503,"poster_path":"/AkJQpZp9WoNdj7pLYSj1L0RcMMN.jpg","production_companies":[{"id":4,"logo_path":"/fycMZt242LVjagMByZOLUGbCvv3.png","name":"Paramount","origin_country":"US","movie_id":353081},{"id":11461,"logo_path":"/p9FoEt5shEKRWRKVIlvFaEmRnun.png","name":"Bad Robot","origin_country":"US","movie_id":353081},{"id":82819,"logo_path":"/5Z8WWr0Lf1tInVWwJsxPP0uMz9a.png","name":"Skydance Media","origin_country":"US","movie_id":353081},{"id":21777,"logo_path":null,"name":"TC Productions","origin_country":"","movie_id":353081},{"id":69484,"logo_path":"/2xtmvbEse87LM7OJXVksv7DToZx.png","name":"Alibaba Pictures Group","origin_country":"CN","movie_id":353081}],"production_countries":[{"iso_3166_1":"CN","name":"China"},{"iso_3166_1":"US","name":"United States of America"},{"iso_3166_1":"FR","name":"France"},{"iso_3166_1":"NO","name":"Norway"}],"release_date":"2018-07-13","revenue":791017452,"runtime":148,"spoken_languages":[{"iso_639_1":"en","name":"English"},{"iso_639_1":"fr","name":"Français"}],"status":"Released","tagline":"Some Missions Are Not A Choice","title":"Mission: Impossible - Fallout","video":false,"vote_average":7.2,"vote_count":2365,"bechdel":"1"},{"adult":false,"backdrop_path":"/pbXgLEYh8rlG2Km5IGZPnhcnuSz.jpg","belongs_to_collection":null,"budget":52000000,"genres":[{"id":18,"name":"Drama"},{"id":10402,"name":"Music"}],"homepage":"http://bohemianrhapsody.com","id":424694,"imdb_id":"tt1727824","original_language":"en","original_title":"Bohemian Rhapsody","overview":"Singer Freddie Mercury, guitarist Brian May, drummer Roger Taylor and bass guitarist John Deacon take the music world by storm when they form the rock 'n' roll band Queen in 1970. Hit songs become instant classics. When Mercury's increasingly wild lifestyle starts to spiral out of control, Queen soon faces its greatest challenge yet – finding a way to keep the band together amid the success and excess.","popularity":158.986,"poster_path":"/lHu1wtNaczFPGFDTrjCSzeLPTKN.jpg","production_companies":[{"id":3281,"logo_path":"/8tMybAieh64uzvm8knSjXOFX8Qc.png","name":"GK Films","origin_country":"GB","movie_id":424694},{"id":508,"logo_path":"/7PzJdsLGlR7oW4J0J5Xcd0pHGRg.png","name":"Regency Enterprises","origin_country":"US","movie_id":424694},{"id":90995,"logo_path":null,"name":"Queen Films","origin_country":"GB","movie_id":424694},{"id":25,"logo_path":"/qZCc1lty5FzX30aOCVRBLzaVmcp.png","name":"20th Century Fox","origin_country":"US","movie_id":424694}],"production_countries":[{"iso_3166_1":"GB","name":"United Kingdom"},{"iso_3166_1":"US","name":"United States of America"}],"release_date":"2018-10-24","revenue":384330487,"runtime":135,"spoken_languages":[{"iso_639_1":"en","name":"English"}],"status":"Released","tagline":"Fearless lives forever","title":"Bohemian Rhapsody","video":false,"vote_average":8.2,"vote_count":1390,"bechdel":"2"},{"adult":false,"backdrop_path":"/lmZFxXgJE3vgrciwuDib0N8CfQo.jpg","belongs_to_collection":{"id":86311,"name":"The Avengers Collection","poster_path":"/qJawKUQcIBha507UahUlX0keOT7.jpg","backdrop_path":"/zuW6fOiusv4X9nnW3paHGfXcSll.jpg"},"budget":300000000,"genres":[{"id":12,"name":"Adventure"},{"id":878,"name":"Science Fiction"},{"id":28,"name":"Action"},{"id":14,"name":"Fantasy"}],"homepage":"http://marvel.com/movies/movie/223/avengers_infinity_war_part_1","id":299536,"imdb_id":"tt4154756","original_language":"en","original_title":"Avengers: Infinity War","overview":"As the Avengers and their allies have continued to protect the world from threats too large for any one hero to handle, a new danger has emerged from the cosmic shadows: Thanos. A despot of intergalactic infamy, his goal is to collect all six Infinity Stones, artifacts of unimaginable power, and use them to inflict his twisted will on all of reality. Everything the Avengers have fought for has led up to this moment - the fate of Earth and existence itself has never been more uncertain.","popularity":108.506,"poster_path":"/7WsyChQLEftFiDOVTGkv3hFpyyt.jpg","production_companies":[{"id":420,"logo_path":"/hUzeosd33nzE5MCNsZxCGEKTXaQ.png","name":"Marvel Studios","origin_country":"US","movie_id":299536}],"production_countries":[{"iso_3166_1":"US","name":"United States of America"}],"release_date":"2018-04-25","revenue":2046239637,"runtime":149,"spoken_languages":[{"iso_639_1":"en","name":"English"}],"status":"Released","tagline":"An entire universe. Once and for all.","title":"Avengers: Infinity War","video":false,"vote_average":8.3,"vote_count":9561,"bechdel":"3"},{"adult":false,"backdrop_path":"/f4E0ocYeToEuXvczZv6QArrMDJ.jpg","belongs_to_collection":{"id":399,"name":"Predator Collection","poster_path":"/6Z7lASptoiRVxiCFvZaFgH9qp7u.jpg","backdrop_path":"/fXVzk9OxQwROCuiWvd0Cv76qmZi.jpg"},"budget":88000000,"genres":[{"id":878,"name":"Science Fiction"},{"id":28,"name":"Action"},{"id":53,"name":"Thriller"},{"id":12,"name":"Adventure"}],"homepage":"https://www.foxmovies.com/movies/the-predator","id":346910,"imdb_id":"tt3829266","original_language":"en","original_title":"The Predator","overview":"From the outer reaches of space to the small-town streets of suburbia, the hunt comes home. Now, the universe’s most lethal hunters are stronger, smarter and deadlier than ever before, having genetically upgraded themselves with DNA from other species. When a young boy accidentally triggers their return to Earth, only a ragtag crew of ex-soldiers and a disgruntled science teacher can prevent the end of the human race.","popularity":91.436,"poster_path":"/wMq9kQXTeQCHUZOG4fAe5cAxyUA.jpg","production_companies":[{"id":1302,"logo_path":"/kQZtJdyphCmq292iGDqlUx0yk2D.png","name":"Davis Entertainment","origin_country":"US","movie_id":346910},{"id":22213,"logo_path":"/qx9K6bFWJupwde0xQDwOvXkOaL8.png","name":"TSG Entertainment","origin_country":"US","movie_id":346910},{"id":25,"logo_path":"/qZCc1lty5FzX30aOCVRBLzaVmcp.png","name":"20th Century Fox","origin_country":"US","movie_id":346910},{"id":1786,"logo_path":"/joLFuCWg9e2lweYnFQtRPJKSLlI.png","name":"Dark Castle Entertainment","origin_country":"US","movie_id":346910}],"production_countries":[{"iso_3166_1":"US","name":"United States of America"}],"release_date":"2018-09-13","revenue":115839700,"runtime":107,"spoken_languages":[{"iso_639_1":"en","name":"English"}],"status":"Released","tagline":"The Hunt Has Evolved","title":"The Predator","video":false,"vote_average":5.2,"vote_count":911,"bechdel":"1"},{"adult":false,"backdrop_path":"/mabuNsGJgRuCTuGqjFkWe1xdu19.jpg","belongs_to_collection":{"id":468222,"name":"The Incredibles Collection","poster_path":"/l7GqbzkJwowYRIXAtUz2iCPi64a.jpg","backdrop_path":"/9eDW2dVhnzPS2HvaRdK2OlAGaLq.jpg"},"budget":200000000,"genres":[{"id":28,"name":"Action"},{"id":12,"name":"Adventure"},{"id":16,"name":"Animation"},{"id":10751,"name":"Family"}],"homepage":"https://movies.disney.com/incredibles-2","id":260513,"imdb_id":"tt3606756","original_language":"en","original_title":"Incredibles 2","overview":"Elastigirl springs into action to save the day, while Mr. Incredible faces his greatest challenge yet – taking care of the problems of his three children.","popularity":86.109,"poster_path":"/x1txcDXkcM65gl7w20PwYSxAYah.jpg","production_companies":[{"id":2,"logo_path":"/4MbjW4f9bu6LvlDmyIvfyuT3boj.png","name":"Walt Disney Pictures","origin_country":"US","movie_id":260513},{"id":3,"logo_path":"/1TjvGVDMYsj6JBxOAkUHpPEwLf7.png","name":"Pixar","origin_country":"US","movie_id":260513}],"production_countries":[{"iso_3166_1":"US","name":"United States of America"}],"release_date":"2018-06-14","revenue":868429911,"runtime":118,"spoken_languages":[{"iso_639_1":"en","name":"English"}],"status":"Released","tagline":"Back to work.","title":"Incredibles 2","video":false,"vote_average":7.6,"vote_count":3859,"bechdel":"3"},{"adult":false,"backdrop_path":"/840rbblaLc4SVxm8gF3DNdJ0YAE.jpg","belongs_to_collection":null,"budget":36000000,"genres":[{"id":18,"name":"Drama"},{"id":10402,"name":"Music"},{"id":10749,"name":"Romance"}],"homepage":"http://astarisbornmovie.com","id":332562,"imdb_id":"tt1517451","original_language":"en","original_title":"A Star Is Born","overview":"Seasoned musician Jackson Maine discovers—and falls in love with—struggling artist Ally. She has just about given up on her dream to make it big as a singer—until Jack coaxes her into the spotlight. But even as Ally's career takes off, the personal side of their relationship is breaking down, as Jack fights an ongoing battle with his own internal demons.","popularity":82.666,"poster_path":"/wrFpXMNBRj2PBiN4Z5kix51XaIZ.jpg","production_companies":[{"id":3528,"logo_path":"/cCzCClIzIh81Fa79hpW5nXoUsHK.png","name":"Thunder Road Pictures","origin_country":"US","movie_id":332562},{"id":83035,"logo_path":null,"name":"22 & Green","origin_country":"US","movie_id":332562},{"id":975,"logo_path":null,"name":"Gerber Pictures","origin_country":"US","movie_id":332562},{"id":83036,"logo_path":null,"name":"Joint Effort","origin_country":"US","movie_id":332562},{"id":171,"logo_path":null,"name":"Malpaso Productions","origin_country":"US","movie_id":332562},{"id":174,"logo_path":"/ky0xOc5OrhzkZ1N6KyUxacfQsCk.png","name":"Warner Bros. Pictures","origin_country":"US","movie_id":332562}],"production_countries":[{"iso_3166_1":"US","name":"United States of America"}],"release_date":"2018-10-03","revenue":354303172,"runtime":135,"spoken_languages":[{"iso_639_1":"en","name":"English"}],"status":"Released","tagline":"","title":"A Star Is Born","video":false,"vote_average":7.4,"vote_count":1838,"bechdel":"3"},{"adult":false,"backdrop_path":"/evg5yWM2LiNilmDmwmiG3InMbpl.jpg","belongs_to_collection":null,"budget":70000000,"genres":[{"id":36,"name":"History"},{"id":18,"name":"Drama"}],"homepage":"https://www.firstman.com/","id":369972,"imdb_id":"tt1213641","original_language":"en","original_title":"First Man","overview":"A look at the life of the astronaut, Neil Armstrong, and the legendary space mission that led him to become the first man to walk on the Moon on July 20, 1969.","popularity":82.575,"poster_path":"/i91mfvFcPPlaegcbOyjGgiWfZzh.jpg","production_companies":[{"id":7,"logo_path":"/9YHAhaqpFKDq66Alz7HrYd1iM6G.png","name":"DreamWorks","origin_country":"US","movie_id":369972},{"id":12292,"logo_path":"/llGRXF5WYUW2fzXg0ebCoKMXjmT.png","name":"Temple Hill Entertainment","origin_country":"US","movie_id":369972},{"id":33,"logo_path":"/8lvHyhjr8oUKOOy2dKXoALWKdp0.png","name":"Universal Pictures","origin_country":"US","movie_id":369972},{"id":56,"logo_path":"/cEaxANEisCqeEoRvODv2dO1I0iI.png","name":"Amblin Entertainment","origin_country":"US","movie_id":369972},{"id":109042,"logo_path":null,"name":"Phantasma Films","origin_country":"US","movie_id":369972}],"production_countries":[{"iso_3166_1":"US","name":"United States of America"}],"release_date":"2018-10-11","revenue":94140236,"runtime":141,"spoken_languages":[{"iso_639_1":"en","name":"English"}],"status":"Released","tagline":"One giant leap into the unknown","title":"First Man","video":false,"vote_average":7.2,"vote_count":842,"bechdel":"3"},{"adult":false,"backdrop_path":"/zYZeoInDyCziwCD8psOaryL8ntR.jpg","belongs_to_collection":null,"budget":43000000,"genres":[{"id":18,"name":"Drama"},{"id":53,"name":"Thriller"},{"id":9648,"name":"Mystery"},{"id":80,"name":"Crime"},{"id":28,"name":"Action"}],"homepage":"http://www.girlinthespidersweb.movie/site/","id":446807,"imdb_id":"tt5177088","original_language":"en","original_title":"The Girl in the Spider's Web","overview":"Lisbeth Salander and Mikael Blomkvist find themselves caught in a web of spies, cyber-criminals and corrupt government officials - both in Sweden and in the United States - whom are only known as The Spider Society.","popularity":80.907,"poster_path":"/w4ibr8R702DCjwYniry1D1XwQXj.jpg","production_companies":[{"id":71170,"logo_path":null,"name":"The Cantillon Company","origin_country":"US","movie_id":446807},{"id":5,"logo_path":"/71BqEFAF4V3qjjMPCpLuyJFB9A.png","name":"Columbia Pictures","origin_country":"US","movie_id":446807},{"id":258,"logo_path":null,"name":"Scott Rudin Productions","origin_country":"US","movie_id":446807},{"id":84041,"logo_path":null,"name":"Pascal Pictures","origin_country":"US","movie_id":446807},{"id":21,"logo_path":"/mjofSXiHpG5t6KYmU4l4FrUhT7m.png","name":"Metro-Goldwyn-Mayer","origin_country":"US","movie_id":446807},{"id":5746,"logo_path":"/sWgSj9muRStENKBoIoaDK6OZmDu.png","name":"Yellow Bird","origin_country":"SE","movie_id":446807},{"id":508,"logo_path":"/7PzJdsLGlR7oW4J0J5Xcd0pHGRg.png","name":"Regency Enterprises","origin_country":"US","movie_id":446807},{"id":10104,"logo_path":"/hNuGhsKVlmhnwSRcmOejDBDjh6w.png","name":"New Regency Pictures","origin_country":"US","movie_id":446807}],"production_countries":[{"iso_3166_1":"SE","name":"Sweden"},{"iso_3166_1":"US","name":"United States of America"}],"release_date":"2018-10-26","revenue":17894345,"runtime":117,"spoken_languages":[{"iso_639_1":"en","name":"English"}],"status":"Released","tagline":"The Past Never Forgets","title":"The Girl in the Spider's Web","video":false,"vote_average":5.2,"vote_count":115,"bechdel":"3"},{"adult":false,"backdrop_path":"/meyZ0ZZLLNaKIrvbmVpuXzZ11sD.jpg","belongs_to_collection":null,"budget":42000000,"genres":[{"id":27,"name":"Horror"},{"id":14,"name":"Fantasy"},{"id":53,"name":"Thriller"},{"id":10751,"name":"Family"},{"id":9648,"name":"Mystery"}],"homepage":"http://housewithaclock.com","id":463821,"imdb_id":"tt2119543","original_language":"en","original_title":"The House with a Clock in Its Walls","overview":"Ten-year-old Lewis goes to live with his uncle in a creaky old house that contains a mysterious ticktock noise. When Lewis accidentally awakens the dead, the town's sleepy facade magically springs to life with a secret world of witches and warlocks.","popularity":79.127,"poster_path":"/qM66Hv4ByAxnilr0jaqCA9uOD4Y.jpg","production_companies":[{"id":56,"logo_path":"/cEaxANEisCqeEoRvODv2dO1I0iI.png","name":"Amblin Entertainment","origin_country":"US","movie_id":463821},{"id":34982,"logo_path":"/uvTmiRZzNfG88dVXi9hQ7eFNirq.png","name":"Mythology Entertainment","origin_country":"US","movie_id":463821},{"id":7294,"logo_path":"/kK4PRgceWp9KNrycD8xx8seWxYU.png","name":"Reliance Entertainment","origin_country":"IN","movie_id":463821},{"id":33,"logo_path":"/8lvHyhjr8oUKOOy2dKXoALWKdp0.png","name":"Universal Pictures","origin_country":"US","movie_id":463821}],"production_countries":[{"iso_3166_1":"CA","name":"Canada"},{"iso_3166_1":"IN","name":"India"},{"iso_3166_1":"US","name":"United States of America"}],"release_date":"2018-09-15","revenue":29950000,"runtime":105,"spoken_languages":[{"iso_639_1":"en","name":"English"}],"status":"Released","tagline":"This house knows what makes you tick","title":"The House with a Clock in Its Walls","video":false,"vote_average":6.4,"vote_count":281,"bechdel":"1"},{"adult":false,"backdrop_path":"/2uSCHUsmzb6KkQPFSxBQ7bgfJLE.jpg","belongs_to_collection":null,"budget":150000000,"genres":[{"id":28,"name":"Action"},{"id":878,"name":"Science Fiction"},{"id":53,"name":"Thriller"}],"homepage":"http://www.themeg.movie","id":345940,"imdb_id":"tt4779682","original_language":"en","original_title":"The Meg","overview":"A deep sea submersible pilot revisits his past fears in the Mariana Trench, and accidentally unleashes the seventy foot ancestor of the Great White Shark believed to be extinct.","popularity":67.256,"poster_path":"/eyWICPcxOuTcDDDbTMOZawoOn8d.jpg","production_companies":[{"id":56241,"logo_path":null,"name":"Maeday Productions","origin_country":"","movie_id":345940},{"id":56242,"logo_path":"/1YORRYmg7hgYIgoJek8jU3cykuQ.png","name":"Apelles Entertainment","origin_country":"US","movie_id":345940},{"id":48778,"logo_path":"/tto2UKph873Xh1ytxfNBgCxT8NO.png","name":"Gravity Pictures","origin_country":"CN","movie_id":345940},{"id":435,"logo_path":null,"name":"Di Bonaventura Pictures","origin_country":"US","movie_id":345940},{"id":107790,"logo_path":null,"name":"Flagship Entertainment Group","origin_country":"CN","movie_id":345940},{"id":174,"logo_path":"/ky0xOc5OrhzkZ1N6KyUxacfQsCk.png","name":"Warner Bros. Pictures","origin_country":"US","movie_id":345940}],"production_countries":[{"iso_3166_1":"CN","name":"China"},{"iso_3166_1":"US","name":"United States of America"}],"release_date":"2018-08-09","revenue":315960074,"runtime":114,"spoken_languages":[{"iso_639_1":"en","name":"English"}],"status":"Released","tagline":"Chomp On This","title":"The Meg","video":false,"vote_average":5.9,"vote_count":1724,"bechdel":"3"},{"adult":false,"backdrop_path":"/6P3c80EOm7BodndGBUAJHHsHKrp.jpg","belongs_to_collection":{"id":422834,"name":"Ant-Man Collection","poster_path":"/tdKbDECJQ3JmYaMubNaKFM1mgcY.jpg","backdrop_path":"/fBCmtUJzQUKlSuQH4huvkYdkifq.jpg"},"budget":140000000,"genres":[{"id":28,"name":"Action"},{"id":12,"name":"Adventure"},{"id":878,"name":"Science Fiction"},{"id":35,"name":"Comedy"},{"id":10751,"name":"Family"}],"homepage":"https://www.marvel.com/movies/ant-man-and-the-wasp","id":363088,"imdb_id":"tt5095030","original_language":"en","original_title":"Ant-Man and the Wasp","overview":"Just when his time under house arrest is about to end, Scott Lang puts again his freedom at risk to help Hope van Dyne and Dr. Hank Pym dive into the quantum realm and try to accomplish, against time and any chance of success, a very dangerous rescue mission.","popularity":69.586,"poster_path":"/rv1AWImgx386ULjcf62VYaW8zSt.jpg","production_companies":[{"id":420,"logo_path":"/hUzeosd33nzE5MCNsZxCGEKTXaQ.png","name":"Marvel Studios","origin_country":"US","movie_id":363088}],"production_countries":[{"iso_3166_1":"US","name":"United States of America"}],"release_date":"2018-07-04","revenue":622379576,"runtime":119,"spoken_languages":[{"iso_639_1":"en","name":"English"}],"status":"Released","tagline":"Real heroes. Not actual size.","title":"Ant-Man and the Wasp","video":false,"vote_average":7,"vote_count":3507,"bechdel":"3"},{"adult":false,"backdrop_path":"/hBkPmNA04BYggZQqzzvVEBVnj9m.jpg","belongs_to_collection":null,"budget":51000000,"genres":[{"id":12,"name":"Adventure"},{"id":18,"name":"Drama"}],"homepage":"http://www.alpha-themovie.com","id":399360,"imdb_id":"tt4244998","original_language":"en","original_title":"Alpha","overview":"In the prehistoric past, Keda, a young and inexperienced hunter, struggles to return home after being separated from his tribe when bison hunting goes awry. On his way back he will find an unexpected ally.","popularity":62.481,"poster_path":"/afdZAIcAQscziqVtsEoh2PwsYTW.jpg","production_companies":[{"id":77863,"logo_path":"/7z6YOzvdk70YY8OaRbn5mfxrvbO.png","name":"Studio 8","origin_country":"US","movie_id":399360}],"production_countries":[{"iso_3166_1":"US","name":"United States of America"}],"release_date":"2018-08-17","revenue":35808437,"runtime":97,"spoken_languages":[{"iso_639_1":"en","name":"English"}],"status":"Released","tagline":"Leaders are born from survival","title":"Alpha","video":false,"vote_average":5.5,"vote_count":602,"bechdel":"0"},{"adult":false,"backdrop_path":"/6I2tPx6KIiBB4TWFiWwNUzrbxUn.jpg","belongs_to_collection":{"id":435259,"name":"Fantastic Beasts Collection","poster_path":"/wsVseA7i3FqX24m26Z2gD3EtH4l.jpg","backdrop_path":"/7j7eBhReCRafAYdCr5XaJzNAIDz.jpg"},"budget":180000000,"genres":[{"id":12,"name":"Adventure"},{"id":10751,"name":"Family"},{"id":14,"name":"Fantasy"}],"homepage":"http://www.fantasticbeasts.com/","id":259316,"imdb_id":"tt3183660","original_language":"en","original_title":"Fantastic Beasts and Where to Find Them","overview":"In 1926, Newt Scamander arrives at the Magical Congress of the United States of America with a magically expanded briefcase, which houses a number of dangerous creatures and their habitats. When the creatures escape from the briefcase, it sends the American wizarding authorities after Newt, and threatens to strain even further the state of magical and non-magical relations.","popularity":49.242,"poster_path":"/1M91Bt3oGspda75H9eLqYZkJzgO.jpg","production_companies":[{"id":437,"logo_path":"/nu20mtwbEIhUNnQ5NXVhHsNknZj.png","name":"Heyday Films","origin_country":"GB","movie_id":259316},{"id":174,"logo_path":"/ky0xOc5OrhzkZ1N6KyUxacfQsCk.png","name":"Warner Bros. Pictures","origin_country":"US","movie_id":259316}],"production_countries":[{"iso_3166_1":"GB","name":"United Kingdom"}],"release_date":"2016-11-16","revenue":809342332,"runtime":133,"spoken_languages":[{"iso_639_1":"en","name":"English"}],"status":"Released","tagline":"From J.K. Rowling's wizarding world.","title":"Fantastic Beasts and Where to Find Them","video":false,"vote_average":7.4,"vote_count":10219,"bechdel":"3"},{"adult":false,"backdrop_path":"/1brgtigBGY1ixSudNMBq0edO1V6.jpg","belongs_to_collection":{"id":545955,"name":"Crazy Rich Asians Collection","poster_path":null,"backdrop_path":null},"budget":30000000,"genres":[{"id":35,"name":"Comedy"},{"id":18,"name":"Drama"},{"id":10749,"name":"Romance"}],"homepage":"http://crazyrichasiansmovie.com","id":455207,"imdb_id":"tt3104988","original_language":"en","original_title":"Crazy Rich Asians","overview":"An American-born Chinese economics professor accompanies her boyfriend to Singapore for his best friend's wedding, only to get thrust into the lives of Asia's rich and famous.","popularity":57.601,"poster_path":"/1XxL4LJ5WHdrcYcihEZUCgNCpAW.jpg","production_companies":[{"id":5420,"logo_path":"/du0ccP7uaodq3rTXhddhywwNPXm.png","name":"Color Force","origin_country":"US","movie_id":455207},{"id":107897,"logo_path":"/etLApUoJoD853bluxamsZOLlWII.png","name":"Ivanhoe Pictures","origin_country":"","movie_id":455207}],"production_countries":[{"iso_3166_1":"US","name":"United States of America"}],"release_date":"2018-08-15","revenue":164722165,"runtime":121,"spoken_languages":[{"iso_639_1":"cn","name":"广州话 / 廣州話"},{"iso_639_1":"zh","name":"普通话"},{"iso_639_1":"en","name":"English"}],"status":"Released","tagline":"The only thing crazier than love is family","title":"Crazy Rich Asians","video":false,"vote_average":6.9,"vote_count":544,"bechdel":"3"},{"adult":false,"backdrop_path":"/3s9O5af2xWKWR5JzP2iJZpZeQQg.jpg","belongs_to_collection":{"id":328,"name":"Jurassic Park Collection","poster_path":"/qIm2nHXLpBBdMxi8dvfrnDkBUDh.jpg","backdrop_path":"/pJjIH9QN0OkHFV9eue6XfRVnPkr.jpg"},"budget":170000000,"genres":[{"id":28,"name":"Action"},{"id":12,"name":"Adventure"},{"id":878,"name":"Science Fiction"}],"homepage":"http://www.jurassicworld.com","id":351286,"imdb_id":"tt4881806","original_language":"en","original_title":"Jurassic World: Fallen Kingdom","overview":"Three years after the demise of Jurassic World, a volcanic eruption threatens the remaining dinosaurs on the isla Nublar, so Claire Dearing, the former park manager, recruits Owen Grady to help prevent the extinction of the dinosaurs once again.","popularity":46.737,"poster_path":"/c9XxwwhPHdaImA2f1WEfEsbhaFB.jpg","production_companies":[{"id":56,"logo_path":"/cEaxANEisCqeEoRvODv2dO1I0iI.png","name":"Amblin Entertainment","origin_country":"US","movie_id":351286},{"id":8111,"logo_path":null,"name":"Apaches Entertainment","origin_country":"","movie_id":351286},{"id":923,"logo_path":"/5UQsZrfbfG2dYJbx8DxfoTr2Bvu.png","name":"Legendary Entertainment","origin_country":"US","movie_id":351286},{"id":33,"logo_path":"/8lvHyhjr8oUKOOy2dKXoALWKdp0.png","name":"Universal Pictures","origin_country":"US","movie_id":351286},{"id":10338,"logo_path":"/el2ap6lvjcEDdbyJoB3oKiYgXu9.png","name":"Perfect World Pictures","origin_country":"CN","movie_id":351286},{"id":862,"logo_path":"/udTjbqPmcTbfrihMuLtLcizDEM1.png","name":"The Kennedy/Marshall Company","origin_country":"US","movie_id":351286}],"production_countries":[{"iso_3166_1":"US","name":"United States of America"}],"release_date":"2018-06-06","revenue":1303459585,"runtime":129,"spoken_languages":[{"iso_639_1":"en","name":"English"},{"iso_639_1":"ru","name":"Pусский"}],"status":"Released","tagline":"The park is gone","title":"Jurassic World: Fallen Kingdom","video":false,"vote_average":6.5,"vote_count":4432,"bechdel":"3"},{"adult":false,"backdrop_path":"/crn09DUYgmFUPbOroxt1tQSoi0r.jpg","belongs_to_collection":{"id":91361,"name":"Halloween Collection","poster_path":"/2uqHV6YcD9jEL2WuJYjXiiuRDqd.jpg","backdrop_path":"/mmxf1sOe2T1sma0tH0TgTdcit1p.jpg"},"budget":10000000,"genres":[{"id":27,"name":"Horror"},{"id":53,"name":"Thriller"}],"homepage":"https://www.halloweenmovie.com","id":424139,"imdb_id":"tt1502407","original_language":"en","original_title":"Halloween","overview":"Laurie Strode comes to her final confrontation with Michael Myers, the masked figure who has haunted her since she narrowly escaped his killing spree on Halloween night four decades ago.","popularity":55.074,"poster_path":"/bXs0zkv2iGVViZEy78teg2ycDBm.jpg","production_companies":[{"id":33,"logo_path":"/8lvHyhjr8oUKOOy2dKXoALWKdp0.png","name":"Universal Pictures","origin_country":"US","movie_id":424139},{"id":3172,"logo_path":"/kDedjRZwO8uyFhuHamomOhN6fzG.png","name":"Blumhouse Productions","origin_country":"US","movie_id":424139},{"id":15822,"logo_path":"/Aodu1OPI0LHTWYr7Jlm4R2XY2og.png","name":"Trancas International Films","origin_country":"US","movie_id":424139},{"id":20848,"logo_path":null,"name":"Rough House Pictures","origin_country":"US","movie_id":424139}],"production_countries":[{"iso_3166_1":"US","name":"United States of America"}],"release_date":"2018-10-18","revenue":188700000,"runtime":106,"spoken_languages":[{"iso_639_1":"en","name":"English"}],"status":"Released","tagline":"Face your fate","title":"Halloween","video":false,"vote_average":6.5,"vote_count":922,"bechdel":"3"},{"adult":false,"backdrop_path":"/b6ZJZHUdMEFECvGiDpJjlfUWela.jpg","belongs_to_collection":{"id":529892,"name":"Black Panther Collection","poster_path":"/uVnN6KnfDuHiC8rsVsSc7kk0WRD.jpg","backdrop_path":null},"budget":200000000,"genres":[{"id":28,"name":"Action"},{"id":12,"name":"Adventure"},{"id":14,"name":"Fantasy"},{"id":878,"name":"Science Fiction"}],"homepage":"https://marvel.com/movies/movie/224/black_panther","id":284054,"imdb_id":"tt1825683","original_language":"en","original_title":"Black Panther","overview":"King T'Challa returns home from America to the reclusive, technologically advanced African nation of Wakanda to serve as his country's new leader. However, T'Challa soon finds that he is challenged for the throne by factions within his own country as well as without. Using powers reserved to Wakandan kings, T'Challa assumes the Black Panther mantel to join with girlfriend Nakia, the queen-mother, his princess-kid sister, members of the Dora Milaje (the Wakandan 'special forces') and an American secret agent, to prevent Wakanda from being dragged into a world war.","popularity":49.022,"poster_path":"/uxzzxijgPIY7slzFvMotPv8wjKA.jpg","production_companies":[{"id":420,"logo_path":"/hUzeosd33nzE5MCNsZxCGEKTXaQ.png","name":"Marvel Studios","origin_country":"US","movie_id":284054},{"id":2,"logo_path":"/4MbjW4f9bu6LvlDmyIvfyuT3boj.png","name":"Walt Disney Pictures","origin_country":"US","movie_id":284054}],"production_countries":[{"iso_3166_1":"US","name":"United States of America"}],"release_date":"2018-02-13","revenue":1346739107,"runtime":134,"spoken_languages":[{"iso_639_1":"en","name":"English"},{"iso_639_1":"ko","name":"한국어/조선말"},{"iso_639_1":"sw","name":"Kiswahili"},{"iso_639_1":"xh","name":""}],"status":"Released","tagline":"Long live the king","title":"Black Panther","video":false,"vote_average":7.3,"vote_count":9139,"bechdel":"3"},{"adult":false,"backdrop_path":"/bHarw8xrmQeqf3t8HpuMY7zoK4x.jpg","belongs_to_collection":{"id":284433,"name":"Guardians of the Galaxy Collection","poster_path":"/iL8mukexAqEg0xK783rG561tdd8.jpg","backdrop_path":"/jdyyjulTBU8YUYAUvQFj6U1g2Pj.jpg"},"budget":170000000,"genres":[{"id":28,"name":"Action"},{"id":878,"name":"Science Fiction"},{"id":12,"name":"Adventure"}],"homepage":"http://marvel.com/guardians","id":118340,"imdb_id":"tt2015381","original_language":"en","original_title":"Guardians of the Galaxy","overview":"Light years from Earth, 26 years after being abducted, Peter Quill finds himself the prime target of a manhunt after discovering an orb wanted by Ronan the Accuser.","popularity":47.762,"poster_path":"/y31QB9kn3XSudA15tV7UWQ9XLuW.jpg","production_companies":[{"id":420,"logo_path":"/hUzeosd33nzE5MCNsZxCGEKTXaQ.png","name":"Marvel Studios","origin_country":"US","movie_id":118340}],"production_countries":[{"iso_3166_1":"US","name":"United States of America"}],"release_date":"2014-07-30","revenue":773328629,"runtime":121,"spoken_languages":[{"iso_639_1":"en","name":"English"}],"status":"Released","tagline":"All heroes start somewhere.","title":"Guardians of the Galaxy","video":false,"vote_average":7.9,"vote_count":15432,"bechdel":"3"},{"adult":false,"backdrop_path":"/hziiv14OpD73u9gAak4XDDfBKa2.jpg","belongs_to_collection":{"id":1241,"name":"Harry Potter Collection","poster_path":"/eVPs2Y0LyvTLZn6AP5Z6O2rtiGB.jpg","backdrop_path":"/wfnMt6LGqYHcNyOfsuusw5lX3bL.jpg"},"budget":125000000,"genres":[{"id":12,"name":"Adventure"},{"id":14,"name":"Fantasy"},{"id":10751,"name":"Family"}],"homepage":"http://harrypotter.warnerbros.com/harrypotterandthedeathlyhallows/mainsite/index.html","id":671,"imdb_id":"tt0241527","original_language":"en","original_title":"Harry Potter and the Philosopher's Stone","overview":"Harry Potter has lived under the stairs at his aunt and uncle's house his whole life. But on his 11th birthday, he learns he's a powerful wizard -- with a place waiting for him at the Hogwarts School of Witchcraft and Wizardry. As he learns to harness his newfound powers with the help of the school's kindly headmaster, Harry uncovers the truth about his parents' deaths -- and about the villain who's to blame.","popularity":43.08,"poster_path":"/dCtFvscYcXQKTNvyyaQr2g2UacJ.jpg","production_companies":[{"id":174,"logo_path":"/ky0xOc5OrhzkZ1N6KyUxacfQsCk.png","name":"Warner Bros. Pictures","origin_country":"US","movie_id":671},{"id":437,"logo_path":"/nu20mtwbEIhUNnQ5NXVhHsNknZj.png","name":"Heyday Films","origin_country":"GB","movie_id":671}],"production_countries":[{"iso_3166_1":"GB","name":"United Kingdom"},{"iso_3166_1":"US","name":"United States of America"}],"release_date":"2001-11-16","revenue":976475550,"runtime":152,"spoken_languages":[{"iso_639_1":"en","name":"English"}],"status":"Released","tagline":"Let the Magic Begin.","title":"Harry Potter and the Philosopher's Stone","video":false,"vote_average":7.8,"vote_count":11862,"bechdel":"3"},{"adult":false,"backdrop_path":"/3P52oz9HPQWxcwHOwxtyrVV1LKi.jpg","belongs_to_collection":{"id":448150,"name":"Deadpool Collection","poster_path":"/30c5jO7YEXuF8KiWXLg9m28GWDA.jpg","backdrop_path":"/dTq7mGyAR5eAydR532feWfjJjzm.jpg"},"budget":110000000,"genres":[{"id":28,"name":"Action"},{"id":35,"name":"Comedy"},{"id":878,"name":"Science Fiction"}],"homepage":"https://www.foxmovies.com/movies/deadpool-2","id":383498,"imdb_id":"tt5463162","original_language":"en","original_title":"Deadpool 2","overview":"Wisecracking mercenary Deadpool battles the evil and powerful Cable and other bad guys to save a boy's life.","popularity":46.934,"poster_path":"/to0spRl1CMDvyUbOnbb4fTk3VAd.jpg","production_companies":[{"id":7505,"logo_path":"/837VMM4wOkODc1idNxGT0KQJlej.png","name":"Marvel Entertainment","origin_country":"US","movie_id":383498},{"id":25,"logo_path":"/qZCc1lty5FzX30aOCVRBLzaVmcp.png","name":"20th Century Fox","origin_country":"US","movie_id":383498}],"production_countries":[{"iso_3166_1":"US","name":"United States of America"}],"release_date":"2018-05-15","revenue":734197230,"runtime":121,"spoken_languages":[{"iso_639_1":"en","name":"English"}],"status":"Released","tagline":"Prepare for the Second Coming.","title":"Deadpool 2","video":false,"vote_average":7.5,"vote_count":6220,"bechdel":"2"},{"adult":false,"backdrop_path":"/5DUqFLgkLsJxyqPCAcgTivZy2SX.jpg","belongs_to_collection":{"id":10,"name":"Star Wars Collection","poster_path":"/iTQHKziZy9pAAY4hHEDCGPaOvFC.jpg","backdrop_path":"/d8duYyyC9J5T825Hg7grmaabfxQ.jpg"},"budget":250000000,"genres":[{"id":28,"name":"Action"},{"id":12,"name":"Adventure"},{"id":878,"name":"Science Fiction"}],"homepage":"https://www.starwars.com/films/solo","id":348350,"imdb_id":"tt3778644","original_language":"en","original_title":"Solo: A Star Wars Story","overview":"Through a series of daring escapades deep within a dark and dangerous criminal underworld, Han Solo meets his mighty future copilot Chewbacca and encounters the notorious gambler Lando Calrissian.","popularity":42.127,"poster_path":"/3IGbjc5ZC5yxim5W0sFING2kdcz.jpg","production_companies":[{"id":1,"logo_path":"/o86DbpburjxrqAzEDhXZcyE8pDb.png","name":"Lucasfilm","origin_country":"US","movie_id":348350},{"id":2,"logo_path":"/4MbjW4f9bu6LvlDmyIvfyuT3boj.png","name":"Walt Disney Pictures","origin_country":"US","movie_id":348350},{"id":47706,"logo_path":null,"name":"Allison Shearmur Productions","origin_country":"US","movie_id":348350},{"id":23,"logo_path":"/mkxNjThahj5pvntvYKVpMbWXm3D.png","name":"Imagine Entertainment","origin_country":"US","movie_id":348350}],"production_countries":[{"iso_3166_1":"US","name":"United States of America"}],"release_date":"2018-05-15","revenue":392952373,"runtime":135,"spoken_languages":[{"iso_639_1":"en","name":"English"}],"status":"Released","tagline":"Never tell him the odds.","title":"Solo: A Star Wars Story","video":false,"vote_average":6.6,"vote_count":2569,"bechdel":"2"},{"adult":false,"backdrop_path":"/gMVdhfQ7q9DFHhDkehrququjGPd.jpg","belongs_to_collection":null,"budget":15000000,"genres":[{"id":80,"name":"Crime"},{"id":18,"name":"Drama"},{"id":35,"name":"Comedy"}],"homepage":"http://blackkklansman.com","id":487558,"imdb_id":"tt7349662","original_language":"en","original_title":"BlacKkKlansman","overview":"Ron Stallworth, an African-American police officer from Colorado, successfully manages to infiltrate the local Ku Klux Klan and become the head of the local chapter.","popularity":41.235,"poster_path":"/55W6mUVv4CXMMQHHhV2zXtLSpXQ.jpg","production_companies":[{"id":3172,"logo_path":"/kDedjRZwO8uyFhuHamomOhN6fzG.png","name":"Blumhouse Productions","origin_country":"US","movie_id":487558},{"id":72725,"logo_path":null,"name":"QC Entertainment","origin_country":"US","movie_id":487558},{"id":923,"logo_path":"/5UQsZrfbfG2dYJbx8DxfoTr2Bvu.png","name":"Legendary Entertainment","origin_country":"US","movie_id":487558},{"id":88934,"logo_path":"/5Be96V9WXa7jJInSDPqDOqMBA0o.png","name":"Monkeypaw Productions","origin_country":"US","movie_id":487558},{"id":4319,"logo_path":null,"name":"40 Acres & A Mule Filmworks","origin_country":"US","movie_id":487558}],"production_countries":[{"iso_3166_1":"US","name":"United States of America"}],"release_date":"2018-07-30","revenue":48271960,"runtime":135,"spoken_languages":[{"iso_639_1":"en","name":"English"}],"status":"Released","tagline":"Infiltrate hate.","title":"BlacKkKlansman","video":false,"vote_average":7.4,"vote_count":1042,"bechdel":"3"},{"adult":false,"backdrop_path":"/o5T8rZxoWSBMYwjsUFUqTt6uMQB.jpg","belongs_to_collection":{"id":468551,"name":"Justice League Collection","poster_path":"/2ZOCiOdAOVSKsFjC1Vl2ZlANrPj.jpg","backdrop_path":"/vyxOJuk6cxrRcGzuMRbDTpwji1w.jpg"},"budget":500000000,"genres":[{"id":28,"name":"Action"},{"id":12,"name":"Adventure"},{"id":14,"name":"Fantasy"},{"id":878,"name":"Science Fiction"}],"homepage":"http://www.justiceleaguethemovie.com","id":141052,"imdb_id":"tt0974015","original_language":"en","original_title":"Justice League","overview":"Fuelled by his restored faith in humanity and inspired by Superman's selfless act, Bruce Wayne and Diana Prince assemble a team of metahumans consisting of Barry Allen, Arthur Curry and Victor Stone to face the catastrophic threat of Steppenwolf and the Parademons who are on the hunt for three Mother Boxes on Earth.","popularity":38.218,"poster_path":"/eifGNCSDuxJeS1loAXil5bIGgvC.jpg","production_companies":[{"id":429,"logo_path":"/2Tc1P3Ac8M479naPp1kYT3izLS5.png","name":"DC Comics","origin_country":"US","movie_id":141052},{"id":9993,"logo_path":"/2Tc1P3Ac8M479naPp1kYT3izLS5.png","name":"DC Entertainment","origin_country":"US","movie_id":141052},{"id":41624,"logo_path":"/wzKxIeQKlMP0y5CaAw25MD6EQmf.png","name":"RatPac-Dune Entertainment","origin_country":"US","movie_id":141052},{"id":174,"logo_path":"/ky0xOc5OrhzkZ1N6KyUxacfQsCk.png","name":"Warner Bros. Pictures","origin_country":"US","movie_id":141052},{"id":9995,"logo_path":"/mAIGhOYhN4N2N0F7p4dbKhgXf3l.png","name":"Cruel & Unusual Films","origin_country":"US","movie_id":141052},{"id":507,"logo_path":"/z7H707qUWigbjHnJDMfj6QITEpb.png","name":"Atlas Entertainment","origin_country":"US","movie_id":141052},{"id":102618,"logo_path":null,"name":"Lensbern Productions","origin_country":"","movie_id":141052}],"production_countries":[{"iso_3166_1":"US","name":"United States of America"}],"release_date":"2017-11-15","revenue":657924295,"runtime":120,"spoken_languages":[{"iso_639_1":"en","name":"English"}],"status":"Released","tagline":"","title":"Justice League","video":false,"vote_average":6.3,"vote_count":6137,"bechdel":"3"},{"adult":false,"backdrop_path":"/2ddVTlMyATZdvUHE7DPExA2X6xF.jpg","belongs_to_collection":null,"budget":22000000,"genres":[{"id":35,"name":"Comedy"},{"id":18,"name":"Drama"},{"id":10751,"name":"Family"},{"id":14,"name":"Fantasy"}],"homepage":"https://www.uphe.com/movies/a-dogs-purpose","id":381289,"imdb_id":"tt1753383","original_language":"en","original_title":"A Dog's Purpose","overview":"A dog goes on quest to discover his purpose in life over the course of several lifetimes with multiple owners.","popularity":38.873,"poster_path":"/3jcNvhtVQe5Neoffdic39fRactM.jpg","production_companies":[{"id":4234,"logo_path":null,"name":"Original Pictures","origin_country":"","movie_id":381289},{"id":33,"logo_path":"/8lvHyhjr8oUKOOy2dKXoALWKdp0.png","name":"Universal Pictures","origin_country":"US","movie_id":381289},{"id":56,"logo_path":"/cEaxANEisCqeEoRvODv2dO1I0iI.png","name":"Amblin Entertainment","origin_country":"US","movie_id":381289},{"id":1271,"logo_path":null,"name":"Pariah Entertainment Group","origin_country":"","movie_id":381289},{"id":10221,"logo_path":"/99VfWRgKasZoyK9UVB39gnYvFrZ.png","name":"Walden Media","origin_country":"US","movie_id":381289},{"id":7294,"logo_path":"/kK4PRgceWp9KNrycD8xx8seWxYU.png","name":"Reliance Entertainment","origin_country":"IN","movie_id":381289},{"id":11733,"logo_path":null,"name":"Pariah","origin_country":"","movie_id":381289}],"production_countries":[{"iso_3166_1":"US","name":"United States of America"}],"release_date":"2017-01-19","revenue":194647323,"runtime":100,"spoken_languages":[{"iso_639_1":"en","name":"English"}],"status":"Released","tagline":"Every dog happens for a reason.","title":"A Dog's Purpose","video":false,"vote_average":7.1,"vote_count":1182,"bechdel":"1"},{"adult":false,"backdrop_path":"/1hJbE72WiRuWH11QPNiHsvt29xA.jpg","belongs_to_collection":{"id":256322,"name":"The Purge Collection","poster_path":"/fMfASrecQHhqBN7zRxqi5uYSb4.jpg","backdrop_path":"/quFWGOA4I5KCTsyDbvLh6PHNZwv.jpg"},"budget":13000000,"genres":[{"id":28,"name":"Action"},{"id":878,"name":"Science Fiction"},{"id":53,"name":"Thriller"},{"id":27,"name":"Horror"}],"homepage":"https://www.thefirstpurge.com","id":442249,"imdb_id":"tt6133466","original_language":"en","original_title":"The First Purge","overview":"To push the crime rate below one percent for the rest of the year, the New Founding Fathers of America test a sociological theory that vents aggression for one night in one isolated community. But when the violence of oppressors meets the rage of the others, the contagion will explode from the trial-city borders and spread across the nation.","popularity":30.064,"poster_path":"/litjsBoiydO6JlO70uOX4N3WnNL.jpg","production_companies":[{"id":2481,"logo_path":"/nVEP2IHCDOBOldgDL4SSufitN9.png","name":"Platinum Dunes","origin_country":"US","movie_id":442249},{"id":3172,"logo_path":"/kDedjRZwO8uyFhuHamomOhN6fzG.png","name":"Blumhouse Productions","origin_country":"US","movie_id":442249},{"id":33,"logo_path":"/8lvHyhjr8oUKOOy2dKXoALWKdp0.png","name":"Universal Pictures","origin_country":"US","movie_id":442249}],"production_countries":[{"iso_3166_1":"US","name":"United States of America"}],"release_date":"2018-07-04","revenue":41953945,"runtime":97,"spoken_languages":[{"iso_639_1":"en","name":"English"}],"status":"Released","tagline":"A Nation Reborn","title":"The First Purge","video":false,"vote_average":5.8,"vote_count":1270,"bechdel":"1"},{"adult":false,"backdrop_path":"/jRzrQ7Thcjpetr0n8B6w980eZet.jpg","belongs_to_collection":null,"budget":32000000,"genres":[{"id":35,"name":"Comedy"},{"id":10751,"name":"Family"},{"id":14,"name":"Fantasy"}],"homepage":null,"id":10719,"imdb_id":"tt0319343","original_language":"en","original_title":"Elf","overview":"When young Buddy falls into Santa's gift sack on Christmas Eve, he's transported back to the North Pole and raised as a toy-making elf by Santa's helpers. But as he grows into adulthood, he can't shake the nagging feeling that he doesn't belong. Buddy vows to visit Manhattan and find his real dad, a workaholic publisher.","popularity":37.467,"poster_path":"/9jChHqqcpe0zHNTqkNqWZkwkgil.jpg","production_companies":[{"id":12,"logo_path":"/iaYpEp3LQmb8AfAtmTvpqd4149c.png","name":"New Line Cinema","origin_country":"US","movie_id":10719},{"id":1607,"logo_path":null,"name":"Gold/Miller Productions","origin_country":"","movie_id":10719},{"id":2645,"logo_path":null,"name":"Guy Walks into a Bar Productions","origin_country":"","movie_id":10719}],"production_countries":[{"iso_3166_1":"US","name":"United States of America"}],"release_date":"2003-10-09","revenue":173398518,"runtime":97,"spoken_languages":[{"iso_639_1":"en","name":"English"}],"status":"Released","tagline":"This holiday, discover your inner elf.","title":"Elf","video":false,"vote_average":6.5,"vote_count":1572,"bechdel":"1"},{"adult":false,"backdrop_path":"/uDt8bQ4lGVlabEx5Gl2cPzvy6qz.jpg","belongs_to_collection":null,"budget":75000000,"genres":[{"id":16,"name":"Animation"},{"id":12,"name":"Adventure"},{"id":35,"name":"Comedy"},{"id":10751,"name":"Family"},{"id":14,"name":"Fantasy"}],"homepage":"https://movies.disney.com/christopher-robin","id":420814,"imdb_id":"tt4575576","original_language":"en","original_title":"Christopher Robin","overview":"Christopher Robin, now an adult focused on his life, work and family, suddenly meets his old friend Winnie the Pooh, so must embrace again his forgotten childhood to help him find the path to the Hundred Acre Wood and find out the whereabouts of his lost friends, who have mysteriously disappeared, while he is torn between the love for his family and the annoying demands of his employer who is forcing him to take harsh decisions.","popularity":37.058,"poster_path":"/x2I7eZNMDZKPUFM6QuKkmHKZDQm.jpg","production_companies":[{"id":2,"logo_path":"/4MbjW4f9bu6LvlDmyIvfyuT3boj.png","name":"Walt Disney Pictures","origin_country":"US","movie_id":420814},{"id":23644,"logo_path":null,"name":"2DUX²","origin_country":"","movie_id":420814}],"production_countries":[{"iso_3166_1":"US","name":"United States of America"}],"release_date":"2018-08-02","revenue":99138899,"runtime":104,"spoken_languages":[{"iso_639_1":"en","name":"English"}],"status":"Released","tagline":"Don't underestimate the value of doing nothing.","title":"Christopher Robin","video":false,"vote_average":7.4,"vote_count":554,"bechdel":"2"},{"adult":false,"backdrop_path":"/uN6v3Hz4qI2CIqT1Ro4vPgAbub3.jpg","belongs_to_collection":null,"budget":40000000,"genres":[{"id":28,"name":"Action"},{"id":35,"name":"Comedy"}],"homepage":"https://www.thespywhodumpedme.movie/","id":454992,"imdb_id":"tt6663582","original_language":"en","original_title":"The Spy Who Dumped Me","overview":"Audrey and Morgan, two thirty-year-old best friends in Los Angeles, are thrust unexpectedly into an international conspiracy when Audrey’s ex-boyfriend shows up at their apartment with a team of deadly assassins on his trail.","popularity":36.377,"poster_path":"/2lIr27lBdxCpzYDl6WUHzzD6l6H.jpg","production_companies":[{"id":23,"logo_path":"/mkxNjThahj5pvntvYKVpMbWXm3D.png","name":"Imagine Entertainment","origin_country":"US","movie_id":454992},{"id":1632,"logo_path":"/cisLn1YAUuptXVBa0xjq7ST9cH0.png","name":"Lionsgate","origin_country":"US","movie_id":454992},{"id":13240,"logo_path":"/aTc07YaNHo8WNgkQSnvLmG6w4nW.png","name":"Bron Studios","origin_country":"CA","movie_id":454992}],"production_countries":[{"iso_3166_1":"CA","name":"Canada"},{"iso_3166_1":"US","name":"United States of America"}],"release_date":"2018-08-02","revenue":33562069,"runtime":117,"spoken_languages":[{"iso_639_1":"en","name":"English"}],"status":"Released","tagline":"They got this","title":"The Spy Who Dumped Me","video":false,"vote_average":6.3,"vote_count":466,"bechdel":"3"},{"adult":false,"backdrop_path":"/5Iw7zQTHVRBOYpA0V6z0yypOPZh.jpg","belongs_to_collection":{"id":10,"name":"Star Wars Collection","poster_path":"/iTQHKziZy9pAAY4hHEDCGPaOvFC.jpg","backdrop_path":"/d8duYyyC9J5T825Hg7grmaabfxQ.jpg"},"budget":200000000,"genres":[{"id":14,"name":"Fantasy"},{"id":12,"name":"Adventure"},{"id":878,"name":"Science Fiction"},{"id":28,"name":"Action"}],"homepage":"http://www.starwars.com","id":181808,"imdb_id":"tt2527336","original_language":"en","original_title":"Star Wars: The Last Jedi","overview":"Rey develops her newly discovered abilities with the guidance of Luke Skywalker, who is unsettled by the strength of her powers. Meanwhile, the Resistance prepares to do battle with the First Order.","popularity":41.382,"poster_path":"/kOVEVeg59E0wsnXmF9nrh6OmWII.jpg","production_companies":[{"id":1,"logo_path":"/o86DbpburjxrqAzEDhXZcyE8pDb.png","name":"Lucasfilm","origin_country":"US","movie_id":181808},{"id":2,"logo_path":"/4MbjW4f9bu6LvlDmyIvfyuT3boj.png","name":"Walt Disney Pictures","origin_country":"US","movie_id":181808},{"id":11092,"logo_path":null,"name":"Ram Bergman Productions","origin_country":"","movie_id":181808}],"production_countries":[{"iso_3166_1":"US","name":"United States of America"}],"release_date":"2017-12-13","revenue":1332459537,"runtime":152,"spoken_languages":[{"iso_639_1":"en","name":"English"}],"status":"Released","tagline":"Darkness rises... and light to meet it","title":"Star Wars: The Last Jedi","video":false,"vote_average":7.1,"vote_count":7218,"bechdel":"3"},{"adult":false,"backdrop_path":"/8AUQ7YlJJA9C8kWk8P4YNHIcFDE.jpg","belongs_to_collection":{"id":295,"name":"Pirates of the Caribbean Collection","poster_path":"/zT5UKFhq9nk97VGlBbAxlAK8UFN.jpg","backdrop_path":"/zJd4E0ImT1U6O8k6aX3ssc9iUBS.jpg"},"budget":140000000,"genres":[{"id":12,"name":"Adventure"},{"id":14,"name":"Fantasy"},{"id":28,"name":"Action"}],"homepage":"http://disney.go.com/disneyvideos/liveaction/pirates/main_site/main.html","id":22,"imdb_id":"tt0325980","original_language":"en","original_title":"Pirates of the Caribbean: The Curse of the Black Pearl","overview":"Jack Sparrow, a freewheeling 19th-century pirate, quarrels with a rival pirate bent on pillaging Port Royal. When the governor's daughter is kidnapped, Sparrow decides to help the girl's love save her.","popularity":35.907,"poster_path":"/tkt9xR1kNX5R9rCebASKck44si2.jpg","production_companies":[{"id":130,"logo_path":"/c9dVHPOL3cqCr2593Ahk0nEKTEM.png","name":"Jerry Bruckheimer Films","origin_country":"US","movie_id":22},{"id":2,"logo_path":"/4MbjW4f9bu6LvlDmyIvfyuT3boj.png","name":"Walt Disney Pictures","origin_country":"US","movie_id":22}],"production_countries":[{"iso_3166_1":"US","name":"United States of America"}],"release_date":"2003-07-09","revenue":655011224,"runtime":143,"spoken_languages":[{"iso_639_1":"en","name":"English"}],"status":"Released","tagline":"Prepare to be blown out of the water.","title":"Pirates of the Caribbean: The Curse of the Black Pearl","video":false,"vote_average":7.6,"vote_count":10837,"bechdel":"3"},{"adult":false,"backdrop_path":"/hbn46fQaRmlpBuUrEiFqv0GDL6Y.jpg","belongs_to_collection":{"id":86311,"name":"The Avengers Collection","poster_path":"/qJawKUQcIBha507UahUlX0keOT7.jpg","backdrop_path":"/zuW6fOiusv4X9nnW3paHGfXcSll.jpg"},"budget":220000000,"genres":[{"id":878,"name":"Science Fiction"},{"id":28,"name":"Action"},{"id":12,"name":"Adventure"}],"homepage":"http://marvel.com/avengers_movie/","id":24428,"imdb_id":"tt0848228","original_language":"en","original_title":"The Avengers","overview":"When an unexpected enemy emerges and threatens global safety and security, Nick Fury, director of the international peacekeeping agency known as S.H.I.E.L.D., finds himself in need of a team to pull the world back from the brink of disaster. Spanning the globe, a daring recruitment effort begins!","popularity":33.145,"poster_path":"/cezWGskPY5x7GaglTTRN4Fugfb8.jpg","production_companies":[{"id":420,"logo_path":"/hUzeosd33nzE5MCNsZxCGEKTXaQ.png","name":"Marvel Studios","origin_country":"US","movie_id":24428}],"production_countries":[{"iso_3166_1":"US","name":"United States of America"}],"release_date":"2012-04-25","revenue":1519557910,"runtime":143,"spoken_languages":[{"iso_639_1":"en","name":"English"},{"iso_639_1":"hi","name":"हिन्दी"},{"iso_639_1":"ru","name":"Pусский"}],"status":"Released","tagline":"Some assembly required.","title":"The Avengers","video":false,"vote_average":7.6,"vote_count":16911,"bechdel":"1"},{"adult":false,"backdrop_path":"/r9DmhMfsndC8QtrXKyad3KCRdcC.jpg","belongs_to_collection":{"id":131296,"name":"Thor Collection","poster_path":"/yw7gr7DhHHVTLlO8Se8uH17TDMA.jpg","backdrop_path":"/3KL8UNKFWgIKXzLHjwY0uwgjzYl.jpg"},"budget":180000000,"genres":[{"id":28,"name":"Action"},{"id":12,"name":"Adventure"},{"id":35,"name":"Comedy"},{"id":14,"name":"Fantasy"},{"id":878,"name":"Science Fiction"}],"homepage":"https://marvel.com/movies/movie/222/thor_ragnarok","id":284053,"imdb_id":"tt3501632","original_language":"en","original_title":"Thor: Ragnarok","overview":"Thor is on the other side of the universe and finds himself in a race against time to get back to Asgard to stop Ragnarok, the prophecy of destruction to his homeworld and the end of Asgardian civilization, at the hands of an all-powerful new threat, the ruthless Hela.","popularity":35.073,"poster_path":"/rzRwTcFvttcN1ZpX2xv4j3tSdJu.jpg","production_companies":[{"id":420,"logo_path":"/hUzeosd33nzE5MCNsZxCGEKTXaQ.png","name":"Marvel Studios","origin_country":"US","movie_id":284053},{"id":2,"logo_path":"/4MbjW4f9bu6LvlDmyIvfyuT3boj.png","name":"Walt Disney Pictures","origin_country":"US","movie_id":284053}],"production_countries":[{"iso_3166_1":"US","name":"United States of America"}],"release_date":"2017-10-25","revenue":853977126,"runtime":130,"spoken_languages":[{"iso_639_1":"en","name":"English"}],"status":"Released","tagline":"No Hammer. No Problem.","title":"Thor: Ragnarok","video":false,"vote_average":7.5,"vote_count":9062,"bechdel":"1"},{"adult":false,"backdrop_path":"/avqzwKn89VetTEvAlBePt3Us6Al.jpg","belongs_to_collection":{"id":1241,"name":"Harry Potter Collection","poster_path":"/eVPs2Y0LyvTLZn6AP5Z6O2rtiGB.jpg","backdrop_path":"/wfnMt6LGqYHcNyOfsuusw5lX3bL.jpg"},"budget":100000000,"genres":[{"id":12,"name":"Adventure"},{"id":14,"name":"Fantasy"},{"id":10751,"name":"Family"}],"homepage":null,"id":672,"imdb_id":"tt0295297","original_language":"en","original_title":"Harry Potter and the Chamber of Secrets","overview":"Ignoring threats to his life, Harry returns to Hogwarts to investigate – aided by Ron and Hermione – a mysterious series of attacks.","popularity":35.023,"poster_path":"/sdEOH0992YZ0QSxgXNIGLq1ToUi.jpg","production_companies":[{"id":436,"logo_path":"/A7WCkG3F0NFvjGCwUnclpGdIu9E.png","name":"1492 Pictures","origin_country":"US","movie_id":672},{"id":437,"logo_path":"/nu20mtwbEIhUNnQ5NXVhHsNknZj.png","name":"Heyday Films","origin_country":"GB","movie_id":672},{"id":174,"logo_path":"/ky0xOc5OrhzkZ1N6KyUxacfQsCk.png","name":"Warner Bros. Pictures","origin_country":"US","movie_id":672}],"production_countries":[{"iso_3166_1":"DE","name":"Germany"},{"iso_3166_1":"GB","name":"United Kingdom"},{"iso_3166_1":"US","name":"United States of America"}],"release_date":"2002-11-13","revenue":876688482,"runtime":161,"spoken_languages":[{"iso_639_1":"en","name":"English"}],"status":"Released","tagline":"Hogwarts is back in session.","title":"Harry Potter and the Chamber of Secrets","video":false,"vote_average":7.6,"vote_count":9972,"bechdel":"3"},{"adult":false,"backdrop_path":"/ysM0PbmvxwojAUftlgdb8zjbK0l.jpg","belongs_to_collection":null,"budget":70000000,"genres":[{"id":80,"name":"Crime"},{"id":35,"name":"Comedy"},{"id":28,"name":"Action"},{"id":53,"name":"Thriller"}],"homepage":"http://www.oceans8movie.com","id":402900,"imdb_id":"tt5164214","original_language":"en","original_title":"Ocean's Eight","overview":"Debbie Ocean, a criminal mastermind, gathers a crew of female thieves to pull off the heist of the century at New York's annual Met Gala.","popularity":26.631,"poster_path":"/MvYpKlpFukTivnlBhizGbkAe3v.jpg","production_companies":[{"id":79,"logo_path":"/tpFpsqbleCzEE2p5EgvUq6ozfCA.png","name":"Village Roadshow Pictures","origin_country":"US","movie_id":402900},{"id":174,"logo_path":"/ky0xOc5OrhzkZ1N6KyUxacfQsCk.png","name":"Warner Bros. Pictures","origin_country":"US","movie_id":402900},{"id":1163,"logo_path":null,"name":"Larger Than Life Productions","origin_country":"US","movie_id":402900},{"id":104907,"logo_path":null,"name":"Rahway Road Productions","origin_country":"US","movie_id":402900},{"id":1782,"logo_path":"/d1mlUfuG0NoQ4x0C7bK80wLGWA1.png","name":"Smoke House Pictures","origin_country":"US","movie_id":402900}],"production_countries":[{"iso_3166_1":"US","name":"United States of America"}],"release_date":"2018-06-07","revenue":295474148,"runtime":111,"spoken_languages":[{"iso_639_1":"en","name":"English"}],"status":"Released","tagline":"Every con has its pros","title":"Ocean's Eight","video":false,"vote_average":6.9,"vote_count":2398,"bechdel":"3"},{"adult":false,"backdrop_path":"/8HKwxHZ23sW8wz4yb28IWnAM1M6.jpg","belongs_to_collection":{"id":458558,"name":"Mamma Mia! Collection","poster_path":"/xRbDA4Ys0Y2Bvbnme02fVBwMWFe.jpg","backdrop_path":"/vgxvUK0hJTZyrgwxG3QivJjCdDi.jpg"},"budget":75000000,"genres":[{"id":35,"name":"Comedy"},{"id":10749,"name":"Romance"}],"homepage":"http://mammamiamovie.com","id":458423,"imdb_id":"tt6911608","original_language":"en","original_title":"Mamma Mia! Here We Go Again","overview":"Five years after meeting her three fathers, Sophie Sheridan prepares to open her mother’s hotel. In 1979, young Donna Sheridan meets the men who each could be Sophie’s biological father.","popularity":34.252,"poster_path":"/v2KnosS7G2M9pMymvX0XXTcf04c.jpg","production_companies":[{"id":923,"logo_path":"/5UQsZrfbfG2dYJbx8DxfoTr2Bvu.png","name":"Legendary Entertainment","origin_country":"US","movie_id":458423},{"id":4171,"logo_path":null,"name":"Playtone","origin_country":"US","movie_id":458423},{"id":34441,"logo_path":null,"name":"Littlestar","origin_country":"GB","movie_id":458423},{"id":33,"logo_path":"/8lvHyhjr8oUKOOy2dKXoALWKdp0.png","name":"Universal Pictures","origin_country":"US","movie_id":458423}],"production_countries":[{"iso_3166_1":"GB","name":"United Kingdom"},{"iso_3166_1":"US","name":"United States of America"}],"release_date":"2018-07-18","revenue":167225525,"runtime":113,"spoken_languages":[{"iso_639_1":"fr","name":"Français"},{"iso_639_1":"el","name":"ελληνικά"},{"iso_639_1":"en","name":"English"},{"iso_639_1":"it","name":"Italiano"}],"status":"Released","tagline":"Discover how it all began","title":"Mamma Mia! Here We Go Again","video":false,"vote_average":7.4,"vote_count":1057,"bechdel":"3"},{"adult":false,"backdrop_path":"/5a7lMDn3nAj2ByO0X1fg6BhUphR.jpg","belongs_to_collection":null,"budget":175000000,"genres":[{"id":12,"name":"Adventure"},{"id":878,"name":"Science Fiction"}],"homepage":"http://readyplayeronemovie.com","id":333339,"imdb_id":"tt1677720","original_language":"en","original_title":"Ready Player One","overview":"When the creator of a popular video game system dies, a virtual contest is created to compete for his fortune.","popularity":33.606,"poster_path":"/pU1ULUq8D3iRxl1fdX2lZIzdHuI.jpg","production_companies":[{"id":56,"logo_path":"/cEaxANEisCqeEoRvODv2dO1I0iI.png","name":"Amblin Entertainment","origin_country":"US","movie_id":333339},{"id":2609,"logo_path":"/ocmrEBfmecJvrbIM4C50vjYWtlq.png","name":"De Line Pictures","origin_country":"US","movie_id":333339},{"id":7,"logo_path":"/9YHAhaqpFKDq66Alz7HrYd1iM6G.png","name":"DreamWorks","origin_country":"US","movie_id":333339},{"id":174,"logo_path":"/ky0xOc5OrhzkZ1N6KyUxacfQsCk.png","name":"Warner Bros. Pictures","origin_country":"US","movie_id":333339},{"id":444,"logo_path":null,"name":"Dune Entertainment","origin_country":"US","movie_id":333339},{"id":11249,"logo_path":null,"name":"Farah Films & Management","origin_country":"","movie_id":333339},{"id":7294,"logo_path":"/kK4PRgceWp9KNrycD8xx8seWxYU.png","name":"Reliance Entertainment","origin_country":"IN","movie_id":333339},{"id":79,"logo_path":"/tpFpsqbleCzEE2p5EgvUq6ozfCA.png","name":"Village Roadshow Pictures","origin_country":"US","movie_id":333339}],"production_countries":[{"iso_3166_1":"US","name":"United States of America"}],"release_date":"2018-03-28","revenue":582218455,"runtime":140,"spoken_languages":[{"iso_639_1":"en","name":"English"}],"status":"Released","tagline":"A better reality awaits.","title":"Ready Player One","video":false,"vote_average":7.7,"vote_count":4925,"bechdel":"3"},{"adult":false,"backdrop_path":"/5pAGnkFYSsFJ99ZxDIYnhQbQFXs.jpg","belongs_to_collection":{"id":453993,"name":"The Wolverine Collection","poster_path":"/c18HVnKTybcAUYVQd8rOcdbqwY.jpg","backdrop_path":"/QtSxEuCwcZSfCTMZfER3nHDVsG.jpg"},"budget":97000000,"genres":[{"id":28,"name":"Action"},{"id":18,"name":"Drama"},{"id":878,"name":"Science Fiction"}],"homepage":"http://www.foxmovies.com/movies/logan","id":263115,"imdb_id":"tt3315342","original_language":"en","original_title":"Logan","overview":"In the near future, a weary Logan cares for an ailing Professor X in a hideout on the Mexican border. But Logan's attempts to hide from the world and his legacy are upended when a young mutant arrives, pursued by dark forces.","popularity":31.503,"poster_path":"/gGBu0hKw9BGddG8RkRAMX7B6NDB.jpg","production_companies":[{"id":431,"logo_path":null,"name":"The Donners' Company","origin_country":"US","movie_id":263115},{"id":91797,"logo_path":null,"name":"Hutch Parker Entertainment","origin_country":"US","movie_id":263115},{"id":28788,"logo_path":null,"name":"Genre Films","origin_country":"US","movie_id":263115},{"id":22213,"logo_path":"/qx9K6bFWJupwde0xQDwOvXkOaL8.png","name":"TSG Entertainment","origin_country":"US","movie_id":263115},{"id":7505,"logo_path":"/837VMM4wOkODc1idNxGT0KQJlej.png","name":"Marvel Entertainment","origin_country":"US","movie_id":263115},{"id":25,"logo_path":"/qZCc1lty5FzX30aOCVRBLzaVmcp.png","name":"20th Century Fox","origin_country":"US","movie_id":263115}],"production_countries":[{"iso_3166_1":"US","name":"United States of America"}],"release_date":"2017-02-28","revenue":616801808,"runtime":137,"spoken_languages":[{"iso_639_1":"en","name":"English"},{"iso_639_1":"es","name":"Español"}],"status":"Released","tagline":"His time has come","title":"Logan","video":false,"vote_average":7.7,"vote_count":10790,"bechdel":"3"},{"adult":false,"backdrop_path":"/9iUG3L5pJjfIJBaaCOl1ucdAM4e.jpg","belongs_to_collection":null,"budget":102000000,"genres":[{"id":28,"name":"Action"},{"id":80,"name":"Crime"},{"id":53,"name":"Thriller"}],"homepage":null,"id":9705,"imdb_id":"tt0244244","original_language":"en","original_title":"Swordfish","overview":"Rogue agent Gabriel Shear is determined to get his mitts on $9 billion stashed in a secret Drug Enforcement Administration account. He wants the cash to fight terrorism, but lacks the computer skills necessary to hack into the government mainframe. Enter Stanley Jobson, a n'er-do-well encryption expert who can log into anything.","popularity":34.117,"poster_path":"/uJdI3eau8BHgTsrUbAeccnKn0ez.jpg","production_companies":[{"id":79,"logo_path":"/tpFpsqbleCzEE2p5EgvUq6ozfCA.png","name":"Village Roadshow Pictures","origin_country":"US","movie_id":9705},{"id":1885,"logo_path":"/xlvoOZr4s1PygosrwZyolIFe5xs.png","name":"Silver Pictures","origin_country":"US","movie_id":9705},{"id":46458,"logo_path":null,"name":"Jonathan Krane Group","origin_country":"","movie_id":9705},{"id":172,"logo_path":null,"name":"NPV Entertainment","origin_country":"","movie_id":9705},{"id":174,"logo_path":"/ky0xOc5OrhzkZ1N6KyUxacfQsCk.png","name":"Warner Bros. Pictures","origin_country":"US","movie_id":9705}],"production_countries":[{"iso_3166_1":"AU","name":"Australia"},{"iso_3166_1":"US","name":"United States of America"}],"release_date":"2001-06-07","revenue":147080413,"runtime":99,"spoken_languages":[{"iso_639_1":"de","name":"Deutsch"},{"iso_639_1":"en","name":"English"}],"status":"Released","tagline":"Log On. Hack In. Go Anywhere. Get Everything.","title":"Swordfish","video":false,"vote_average":6.2,"vote_count":1321,"bechdel":"1"},{"adult":false,"backdrop_path":"/hBHxBOGQBTMX3bDmqKoAgniZ9hE.jpg","belongs_to_collection":null,"budget":0,"genres":[{"id":35,"name":"Comedy"},{"id":10749,"name":"Romance"}],"homepage":"https://www.netflix.com/title/80203147","id":466282,"imdb_id":"tt3846674","original_language":"en","original_title":"To All the Boys I've Loved Before","overview":"Lara Jean's love life goes from imaginary to out of control when her secret letters to every boy she's ever fallen for are mysteriously mailed out.","popularity":27.654,"poster_path":"/hKHZhUbIyUAjcSrqJThFGYIR6kI.jpg","production_companies":[{"id":63484,"logo_path":"/aVLlAODQm57VkgqWlVAOGiy8zs0.png","name":"Awesomeness Films","origin_country":"US","movie_id":466282},{"id":907,"logo_path":"/ca5SWI5uvU985f8Kbb4xc8AmVWH.png","name":"Overbrook Entertainment","origin_country":"US","movie_id":466282}],"production_countries":[{"iso_3166_1":"US","name":"United States of America"}],"release_date":"2018-08-16","revenue":0,"runtime":99,"spoken_languages":[{"iso_639_1":"en","name":"English"}],"status":"Released","tagline":"The Letters Are Out.","title":"To All the Boys I've Loved Before","video":false,"vote_average":8,"vote_count":2810,"bechdel":"3"},{"adult":false,"backdrop_path":"/uA8Qe2d9bKEdCFakjjdldy3P2pU.jpg","belongs_to_collection":{"id":121938,"name":"The Hobbit Collection","poster_path":"/j4e06Vg7Rb3Z4rN17kOtDS5Q8pD.jpg","backdrop_path":"/7wO7MSnP5UcwR2cTHdJFF1vP4Ie.jpg"},"budget":250000000,"genres":[{"id":28,"name":"Action"},{"id":12,"name":"Adventure"},{"id":14,"name":"Fantasy"}],"homepage":"http://www.thehobbit.com/","id":122917,"imdb_id":"tt2310332","original_language":"en","original_title":"The Hobbit: The Battle of the Five Armies","overview":"Immediately after the events of The Desolation of Smaug, Bilbo and the dwarves try to defend Erebor's mountain of treasure from others who claim it: the men of the ruined Laketown and the elves of Mirkwood. Meanwhile an army of Orcs led by Azog the Defiler is marching on Erebor, fueled by the rise of the dark lord Sauron. Dwarves, elves and men must unite, and the hope for Middle-Earth falls into Bilbo's hands.","popularity":33.378,"poster_path":"/9zRzFJuaj0CHIOhAkcCcFTvyu2X.jpg","production_companies":[{"id":174,"logo_path":"/ky0xOc5OrhzkZ1N6KyUxacfQsCk.png","name":"Warner Bros. Pictures","origin_country":"US","movie_id":122917},{"id":11,"logo_path":null,"name":"WingNut Films","origin_country":"NZ","movie_id":122917},{"id":12,"logo_path":"/iaYpEp3LQmb8AfAtmTvpqd4149c.png","name":"New Line Cinema","origin_country":"US","movie_id":122917},{"id":7413,"logo_path":null,"name":"3Foot7","origin_country":"NZ","movie_id":122917},{"id":21,"logo_path":"/mjofSXiHpG5t6KYmU4l4FrUhT7m.png","name":"Metro-Goldwyn-Mayer","origin_country":"US","movie_id":122917}],"production_countries":[{"iso_3166_1":"NZ","name":"New Zealand"},{"iso_3166_1":"US","name":"United States of America"}],"release_date":"2014-12-10","revenue":956019788,"runtime":144,"spoken_languages":[{"iso_639_1":"en","name":"English"}],"status":"Released","tagline":"Witness the defining chapter of the Middle-Earth saga","title":"The Hobbit: The Battle of the Five Armies","video":false,"vote_average":7.2,"vote_count":7355,"bechdel":"1"},{"adult":false,"backdrop_path":"/xu9zaAevzQ5nnrsXN6JcahLnG4i.jpg","belongs_to_collection":null,"budget":165000000,"genres":[{"id":12,"name":"Adventure"},{"id":18,"name":"Drama"},{"id":878,"name":"Science Fiction"}],"homepage":"http://www.interstellarmovie.net/","id":157336,"imdb_id":"tt0816692","original_language":"en","original_title":"Interstellar","overview":"Interstellar chronicles the adventures of a group of explorers who make use of a newly discovered wormhole to surpass the limitations on human space travel and conquer the vast distances involved in an interstellar voyage.","popularity":33.097,"poster_path":"/nBNZadXqJSdt05SHLqgT0HuC5Gm.jpg","production_companies":[{"id":923,"logo_path":"/5UQsZrfbfG2dYJbx8DxfoTr2Bvu.png","name":"Legendary Entertainment","origin_country":"US","movie_id":157336},{"id":9996,"logo_path":"/3tvBqYsBhxWeHlu62SIJ1el93O7.png","name":"Syncopy","origin_country":"GB","movie_id":157336},{"id":13769,"logo_path":null,"name":"Lynda Obst Productions","origin_country":"","movie_id":157336}],"production_countries":[{"iso_3166_1":"GB","name":"United Kingdom"},{"iso_3166_1":"US","name":"United States of America"}],"release_date":"2014-11-05","revenue":675120017,"runtime":169,"spoken_languages":[{"iso_639_1":"en","name":"English"}],"status":"Released","tagline":"Mankind was born on Earth. It was never meant to die here.","title":"Interstellar","video":false,"vote_average":8.2,"vote_count":16234,"bechdel":"3"},{"adult":false,"backdrop_path":"/wUpBH6RIH4uOiWoPjj8MKUemu9F.jpg","belongs_to_collection":{"id":1241,"name":"Harry Potter Collection","poster_path":"/eVPs2Y0LyvTLZn6AP5Z6O2rtiGB.jpg","backdrop_path":"/wfnMt6LGqYHcNyOfsuusw5lX3bL.jpg"},"budget":130000000,"genres":[{"id":12,"name":"Adventure"},{"id":14,"name":"Fantasy"},{"id":10751,"name":"Family"}],"homepage":null,"id":673,"imdb_id":"tt0304141","original_language":"en","original_title":"Harry Potter and the Prisoner of Azkaban","overview":"Harry, Ron and Hermione return to Hogwarts for another magic-filled year. Harry comes face to face with danger yet again, this time in the form of escaped convict, Sirius Black—and turns to sympathetic Professor Lupin for help.","popularity":33.006,"poster_path":"/jUFjMoLh8T2CWzHUSjKCojI5SHu.jpg","production_companies":[{"id":436,"logo_path":"/A7WCkG3F0NFvjGCwUnclpGdIu9E.png","name":"1492 Pictures","origin_country":"US","movie_id":673},{"id":437,"logo_path":"/nu20mtwbEIhUNnQ5NXVhHsNknZj.png","name":"Heyday Films","origin_country":"GB","movie_id":673},{"id":174,"logo_path":"/ky0xOc5OrhzkZ1N6KyUxacfQsCk.png","name":"Warner Bros. Pictures","origin_country":"US","movie_id":673}],"production_countries":[{"iso_3166_1":"GB","name":"United Kingdom"},{"iso_3166_1":"US","name":"United States of America"}],"release_date":"2004-05-31","revenue":789804554,"runtime":141,"spoken_languages":[{"iso_639_1":"en","name":"English"}],"status":"Released","tagline":"Something wicked this way comes.","title":"Harry Potter and the Prisoner of Azkaban","video":false,"vote_average":7.9,"vote_count":9834,"bechdel":"3"},{"adult":false,"backdrop_path":"/xi6Q3gyfxbdVkHIqwyR4bk7b7GM.jpg","belongs_to_collection":null,"budget":123000000,"genres":[{"id":10751,"name":"Family"},{"id":35,"name":"Comedy"},{"id":14,"name":"Fantasy"}],"homepage":"http://www.grinched.com/","id":8871,"imdb_id":"tt0170016","original_language":"en","original_title":"How the Grinch Stole Christmas","overview":"Inside a snowflake exists the magical land of Whoville. In Whoville, live the Whos, an almost mutated sort of Munchkin-like people. All the Whos love Christmas, yet just outside of their beloved Whoville lives the Grinch. The Grinch is a nasty creature that hates Christmas, and plots to steal it away from the Whos, whom he equally abhors. Yet a small child, Cindy Lou Who, decides to try befriending the Grinch.","popularity":32.239,"poster_path":"/vQfgNHbcIWS2j3AAAzLOtPUGVmB.jpg","production_companies":[{"id":33,"logo_path":"/8lvHyhjr8oUKOOy2dKXoALWKdp0.png","name":"Universal Pictures","origin_country":"US","movie_id":8871},{"id":23,"logo_path":"/mkxNjThahj5pvntvYKVpMbWXm3D.png","name":"Imagine Entertainment","origin_country":"US","movie_id":8871}],"production_countries":[{"iso_3166_1":"DE","name":"Germany"},{"iso_3166_1":"US","name":"United States of America"}],"release_date":"2000-11-17","revenue":345141403,"runtime":104,"spoken_languages":[{"iso_639_1":"en","name":"English"}],"status":"Released","tagline":"He puts the mean in green.","title":"How the Grinch Stole Christmas","video":false,"vote_average":6.5,"vote_count":2792,"bechdel":"3"},{"adult":false,"backdrop_path":"/umC04Cozevu8nn3JTDJ1pc7PVTn.jpg","belongs_to_collection":{"id":404609,"name":"John Wick Collection","poster_path":"/pZ4hR5IIoHHfNjot9rq4F96OGAi.jpg","backdrop_path":"/fSwYa5q2xRkBoOOjueLpkLf3N1m.jpg"},"budget":20000000,"genres":[{"id":28,"name":"Action"},{"id":53,"name":"Thriller"}],"homepage":"http://www.johnwickthemovie.com/","id":245891,"imdb_id":"tt2911666","original_language":"en","original_title":"John Wick","overview":"Ex-hitman John Wick comes out of retirement to track down the gangsters that took everything from him.","popularity":31.991,"poster_path":"/5vHssUeVe25bMrof1HyaPyWgaP.jpg","production_companies":[{"id":491,"logo_path":"/rUp0lLKa1pr4UsPm8fgzmnNGxtq.png","name":"Summit Entertainment","origin_country":"US","movie_id":245891},{"id":23008,"logo_path":"/5SarYupipdiejsEqUkwu1SpYfru.png","name":"87Eleven","origin_country":"US","movie_id":245891},{"id":36259,"logo_path":null,"name":"DefyNite Films","origin_country":"US","movie_id":245891},{"id":36433,"logo_path":null,"name":"MJW Films","origin_country":"US","movie_id":245891},{"id":174,"logo_path":"/ky0xOc5OrhzkZ1N6KyUxacfQsCk.png","name":"Warner Bros. Pictures","origin_country":"US","movie_id":245891}],"production_countries":[{"iso_3166_1":"CN","name":"China"},{"iso_3166_1":"US","name":"United States of America"}],"release_date":"2014-10-22","revenue":88761661,"runtime":101,"spoken_languages":[{"iso_639_1":"hu","name":"Magyar"},{"iso_639_1":"en","name":"English"},{"iso_639_1":"ru","name":"Pусский"}],"status":"Released","tagline":"Don't set him off.","title":"John Wick","video":false,"vote_average":7.1,"vote_count":8492,"bechdel":"1"},{"adult":false,"backdrop_path":"/rFtsE7Lhlc2jRWF7SRAU0fvrveQ.jpg","belongs_to_collection":{"id":86311,"name":"The Avengers Collection","poster_path":"/qJawKUQcIBha507UahUlX0keOT7.jpg","backdrop_path":"/zuW6fOiusv4X9nnW3paHGfXcSll.jpg"},"budget":280000000,"genres":[{"id":28,"name":"Action"},{"id":12,"name":"Adventure"},{"id":878,"name":"Science Fiction"}],"homepage":"http://marvel.com/movies/movie/193/avengers_age_of_ultron","id":99861,"imdb_id":"tt2395427","original_language":"en","original_title":"Avengers: Age of Ultron","overview":"When Tony Stark tries to jumpstart a dormant peacekeeping program, things go awry and Earth’s Mightiest Heroes are put to the ultimate test as the fate of the planet hangs in the balance. As the villainous Ultron emerges, it is up to The Avengers to stop him from enacting his terrible plans, and soon uneasy alliances and unexpected action pave the way for an epic and unique global adventure.","popularity":31.792,"poster_path":"/t90Y3G8UGQp0f0DrP60wRu9gfrH.jpg","production_companies":[{"id":420,"logo_path":"/hUzeosd33nzE5MCNsZxCGEKTXaQ.png","name":"Marvel Studios","origin_country":"US","movie_id":99861}],"production_countries":[{"iso_3166_1":"US","name":"United States of America"}],"release_date":"2015-04-22","revenue":1405403694,"runtime":141,"spoken_languages":[{"iso_639_1":"en","name":"English"}],"status":"Released","tagline":"A New Age Has Come.","title":"Avengers: Age of Ultron","video":false,"vote_average":7.3,"vote_count":11158,"bechdel":"3"},{"adult":false,"backdrop_path":"/mVr0UiqyltcfqxbAUcLl9zWL8ah.jpg","belongs_to_collection":{"id":422837,"name":"Blade Runner Collection","poster_path":"/cWESb1o9lW2i2Z3Xllv9u40aNIk.jpg","backdrop_path":"/bSHZIvLoPBWyGLeiAudN1mXdvQX.jpg"},"budget":150000000,"genres":[{"id":9648,"name":"Mystery"},{"id":878,"name":"Science Fiction"},{"id":53,"name":"Thriller"}],"homepage":"http://bladerunnermovie.com/","id":335984,"imdb_id":"tt1856101","original_language":"en","original_title":"Blade Runner 2049","overview":"Thirty years after the events of the first film, a new blade runner, LAPD Officer K, unearths a long-buried secret that has the potential to plunge what's left of society into chaos. K's discovery leads him on a quest to find Rick Deckard, a former LAPD blade runner who has been missing for 30 years.","popularity":31.735,"poster_path":"/gajva2L0rPYkEWjzgFlBXCAVBE5.jpg","production_companies":[{"id":79529,"logo_path":"/gVN3k8emmKy4iV4KREWcCtxusZK.png","name":"Torridon Films","origin_country":"US","movie_id":335984},{"id":101829,"logo_path":"/8IOjCvgjq0zTrtP91cWD3kL2jMK.png","name":"16:14 Entertainment","origin_country":"US","movie_id":335984},{"id":1645,"logo_path":"/6Ry6uNBaa0IbbSs1XYIgX5DkA9r.png","name":"Scott Free Productions","origin_country":"","movie_id":335984},{"id":5,"logo_path":"/71BqEFAF4V3qjjMPCpLuyJFB9A.png","name":"Columbia Pictures","origin_country":"US","movie_id":335984},{"id":1088,"logo_path":"/9WOE5AQUXbOtLU6GTwfjS8OMF0v.png","name":"Alcon Entertainment","origin_country":"US","movie_id":335984},{"id":78028,"logo_path":"/sTFcDFfJaSVT3sv3DoaZDE4SlGB.png","name":"Thunderbird Entertainment","origin_country":"CA","movie_id":335984},{"id":174,"logo_path":"/ky0xOc5OrhzkZ1N6KyUxacfQsCk.png","name":"Warner Bros. Pictures","origin_country":"US","movie_id":335984}],"production_countries":[{"iso_3166_1":"CA","name":"Canada"},{"iso_3166_1":"US","name":"United States of America"},{"iso_3166_1":"HU","name":"Hungary"},{"iso_3166_1":"GB","name":"United Kingdom"}],"release_date":"2017-10-04","revenue":259239658,"runtime":163,"spoken_languages":[{"iso_639_1":"en","name":"English"},{"iso_639_1":"fi","name":"suomi"}],"status":"Released","tagline":"There's still a page left.","title":"Blade Runner 2049","video":false,"vote_average":7.3,"vote_count":5636,"bechdel":"3"},{"adult":false,"backdrop_path":"/d3m59GlnJQdb4taaHYTGVT7c3RJ.jpg","belongs_to_collection":null,"budget":0,"genres":[{"id":35,"name":"Comedy"},{"id":18,"name":"Drama"},{"id":80,"name":"Crime"}],"homepage":null,"id":489930,"imdb_id":"tt7242142","original_language":"en","original_title":"Blindspotting","overview":"Collin must make it through his final three days of probation for a chance at a new beginning. He and his troublemaking childhood best friend, Miles, work as movers, and when Collin witnesses a police shooting, the two men’s friendship is tested as they grapple with identity and their changed realities in the rapidly-gentrifying neighborhood they grew up in.","popularity":31.683,"poster_path":"/c4UvwoMmQiztTqeUnExDU5hoCdP.jpg","production_companies":[{"id":491,"logo_path":"/rUp0lLKa1pr4UsPm8fgzmnNGxtq.png","name":"Summit Entertainment","origin_country":"US","movie_id":489930},{"id":35327,"logo_path":null,"name":"Codeblack Entertainment","origin_country":"","movie_id":489930},{"id":15159,"logo_path":null,"name":"Snoot Entertainment","origin_country":"","movie_id":489930}],"production_countries":[{"iso_3166_1":"US","name":"United States of America"}],"release_date":"2018-07-20","revenue":0,"runtime":95,"spoken_languages":[{"iso_639_1":"en","name":"English"}],"status":"Released","tagline":"Change the way you see.","title":"Blindspotting","video":false,"vote_average":7.8,"vote_count":61,"bechdel":"1"},{"adult":false,"backdrop_path":"/cAhCDpAq80QCeQvHytY9JkBalpH.jpg","belongs_to_collection":{"id":386382,"name":"Frozen Collection","poster_path":"/dIaff79mnD2rf1LGkUfWYyZUSZj.jpg","backdrop_path":"/vZiqhw6oFoMlHSneIdVip9rRou2.jpg"},"budget":150000000,"genres":[{"id":16,"name":"Animation"},{"id":12,"name":"Adventure"},{"id":10751,"name":"Family"}],"homepage":"http://movies.disney.com/frozen","id":109445,"imdb_id":"tt2294629","original_language":"en","original_title":"Frozen","overview":"Young princess Anna of Arendelle dreams about finding true love at her sister Elsa’s coronation. Fate takes her on a dangerous journey in an attempt to end the eternal winter that has fallen over the kingdom. She's accompanied by ice delivery man Kristoff, his reindeer Sven, and snowman Olaf. On an adventure where she will find out what friendship, courage, family, and true love really means.","popularity":31.376,"poster_path":"/xOVSMcqMeohzasmCIyLwUv0k7FJ.jpg","production_companies":[{"id":2,"logo_path":"/4MbjW4f9bu6LvlDmyIvfyuT3boj.png","name":"Walt Disney Pictures","origin_country":"US","movie_id":109445},{"id":6125,"logo_path":"/tVPmo07IHhBs4HuilrcV0yujsZ9.png","name":"Walt Disney Animation Studios","origin_country":"US","movie_id":109445}],"production_countries":[{"iso_3166_1":"US","name":"United States of America"}],"release_date":"2013-11-27","revenue":1274219009,"runtime":102,"spoken_languages":[{"iso_639_1":"en","name":"English"}],"status":"Released","tagline":"Only the act of true love will thaw a frozen heart.","title":"Frozen","video":false,"vote_average":7.3,"vote_count":8396,"bechdel":"3"},{"adult":false,"backdrop_path":"/ts4j3zYaPzdUVF3ijBeBdGVDWjX.jpg","belongs_to_collection":null,"budget":8500000,"genres":[{"id":80,"name":"Crime"},{"id":18,"name":"Drama"},{"id":53,"name":"Thriller"}],"homepage":"http://nightcrawlerfilm.com","id":242582,"imdb_id":"tt2872718","original_language":"en","original_title":"Nightcrawler","overview":"When Lou Bloom, desperate for work, muscles into the world of L.A. crime journalism, he blurs the line between observer and participant to become the star of his own story. Aiding him in his effort is Nina, a TV-news veteran.","popularity":31.443,"poster_path":"/8oPY6ULFOTbAEskySNhgsUIN4fW.jpg","production_companies":[{"id":24049,"logo_path":"/zOHQ0A3PpNoLLeAxRZwSqNV3nPr.png","name":"Sierra / Affinity","origin_country":"US","movie_id":242582},{"id":2266,"logo_path":"/owzVs2mguyyJ3vIn7EbgowpUPnk.png","name":"Bold Films","origin_country":"US","movie_id":242582}],"production_countries":[{"iso_3166_1":"US","name":"United States of America"}],"release_date":"2014-10-23","revenue":50300000,"runtime":118,"spoken_languages":[{"iso_639_1":"en","name":"English"}],"status":"Released","tagline":"The city shines brightest at night","title":"Nightcrawler","video":false,"vote_average":7.7,"vote_count":5131,"bechdel":"3"},{"adult":false,"backdrop_path":"/gzKW3emulMxIHzuXxZoyDB1lei9.jpg","belongs_to_collection":{"id":1241,"name":"Harry Potter Collection","poster_path":"/eVPs2Y0LyvTLZn6AP5Z6O2rtiGB.jpg","backdrop_path":"/wfnMt6LGqYHcNyOfsuusw5lX3bL.jpg"},"budget":150000000,"genres":[{"id":12,"name":"Adventure"},{"id":14,"name":"Fantasy"},{"id":10751,"name":"Family"}],"homepage":"http://harrypotter.warnerbros.com/","id":674,"imdb_id":"tt0330373","original_language":"en","original_title":"Harry Potter and the Goblet of Fire","overview":"Harry starts his fourth year at Hogwarts, competes in the treacherous Triwizard Tournament and faces the evil Lord Voldemort. Ron and Hermione help Harry manage the pressure – but Voldemort lurks, awaiting his chance to destroy Harry and all that he stands for.","popularity":31.442,"poster_path":"/6sASqcdrEHXxUhA3nFpjrRecPD2.jpg","production_companies":[{"id":462,"logo_path":null,"name":"Patalex IV Productions Limited","origin_country":"","movie_id":674},{"id":174,"logo_path":"/ky0xOc5OrhzkZ1N6KyUxacfQsCk.png","name":"Warner Bros. Pictures","origin_country":"US","movie_id":674},{"id":437,"logo_path":"/nu20mtwbEIhUNnQ5NXVhHsNknZj.png","name":"Heyday Films","origin_country":"GB","movie_id":674}],"production_countries":[{"iso_3166_1":"GB","name":"United Kingdom"},{"iso_3166_1":"US","name":"United States of America"}],"release_date":"2005-11-16","revenue":895921036,"runtime":157,"spoken_languages":[{"iso_639_1":"en","name":"English"},{"iso_639_1":"fr","name":"Français"}],"status":"Released","tagline":"Dark And Difficult Times Lie Ahead.","title":"Harry Potter and the Goblet of Fire","video":false,"vote_average":7.7,"vote_count":9458,"bechdel":"1"},{"adult":false,"backdrop_path":"/q4NRgTyah0KfxXB0P4DBk0lJR7P.jpg","belongs_to_collection":{"id":1570,"name":"Die Hard Collection","poster_path":"/xhnb5lVfwE7NHycdPNdIxHx7kZi.jpg","backdrop_path":"/5kHVblr87FUScuab1PVSsK692IL.jpg"},"budget":28000000,"genres":[{"id":28,"name":"Action"},{"id":53,"name":"Thriller"}],"homepage":"https://www.foxmovies.com/movies/die-hard","id":562,"imdb_id":"tt0095016","original_language":"en","original_title":"Die Hard","overview":"NYPD cop, John McClane's plan to reconcile with his estranged wife is thrown for a serious loop when minutes after he arrives at her office, the entire building is overtaken by a group of terrorists. With little help from the LAPD, wisecracking McClane sets out to single-handedly rescue the hostages and bring the bad guys down.","popularity":29.636,"poster_path":"/mc7MubOLcIw3MDvnuQFrO9psfCa.jpg","production_companies":[{"id":1073,"logo_path":null,"name":"Gordon Company","origin_country":"","movie_id":562},{"id":1885,"logo_path":"/xlvoOZr4s1PygosrwZyolIFe5xs.png","name":"Silver Pictures","origin_country":"US","movie_id":562},{"id":25,"logo_path":"/qZCc1lty5FzX30aOCVRBLzaVmcp.png","name":"20th Century Fox","origin_country":"US","movie_id":562}],"production_countries":[{"iso_3166_1":"US","name":"United States of America"}],"release_date":"1988-07-15","revenue":140767956,"runtime":131,"spoken_languages":[{"iso_639_1":"en","name":"English"},{"iso_639_1":"de","name":"Deutsch"},{"iso_639_1":"it","name":"Italiano"}],"status":"Released","tagline":"40 Stories. Twelve Terrorists. One Cop.","title":"Die Hard","video":false,"vote_average":7.6,"vote_count":5445,"bechdel":"3"},{"adult":false,"backdrop_path":"/s2bT29y0ngXxxu2IA8AOzzXTRhd.jpg","belongs_to_collection":null,"budget":160000000,"genres":[{"id":28,"name":"Action"},{"id":53,"name":"Thriller"},{"id":878,"name":"Science Fiction"},{"id":9648,"name":"Mystery"},{"id":12,"name":"Adventure"}],"homepage":"http://inceptionmovie.warnerbros.com/","id":27205,"imdb_id":"tt1375666","original_language":"en","original_title":"Inception","overview":"Cobb, a skilled thief who commits corporate espionage by infiltrating the subconscious of his targets is offered a chance to regain his old life as payment for a task considered to be impossible: \"inception\", the implantation of another person's idea into a target's subconscious.","popularity":31.141,"poster_path":"/qmDpIHrmpJINaRKAfWQfftjCdyi.jpg","production_companies":[{"id":923,"logo_path":"/5UQsZrfbfG2dYJbx8DxfoTr2Bvu.png","name":"Legendary Entertainment","origin_country":"US","movie_id":27205},{"id":9996,"logo_path":"/3tvBqYsBhxWeHlu62SIJ1el93O7.png","name":"Syncopy","origin_country":"GB","movie_id":27205},{"id":174,"logo_path":"/ky0xOc5OrhzkZ1N6KyUxacfQsCk.png","name":"Warner Bros. Pictures","origin_country":"US","movie_id":27205}],"production_countries":[{"iso_3166_1":"GB","name":"United Kingdom"},{"iso_3166_1":"US","name":"United States of America"}],"release_date":"2010-07-15","revenue":825532764,"runtime":148,"spoken_languages":[{"iso_639_1":"en","name":"English"}],"status":"Released","tagline":"Your mind is the scene of the crime.","title":"Inception","video":false,"vote_average":8.2,"vote_count":19688,"bechdel":"3"},{"adult":false,"backdrop_path":"/szytSpLAyBh3ULei3x663mAv5ZT.jpg","belongs_to_collection":null,"budget":175000000,"genres":[{"id":18,"name":"Drama"},{"id":35,"name":"Comedy"},{"id":16,"name":"Animation"},{"id":10751,"name":"Family"}],"homepage":"http://movies.disney.com/inside-out","id":150540,"imdb_id":"tt2096673","original_language":"en","original_title":"Inside Out","overview":"Growing up can be a bumpy road, and it's no exception for Riley, who is uprooted from her Midwest life when her father starts a new job in San Francisco. Like all of us, Riley is guided by her emotions - Joy, Fear, Anger, Disgust and Sadness. The emotions live in Headquarters, the control center inside Riley's mind, where they help advise her through everyday life. As Riley and her emotions struggle to adjust to a new life in San Francisco, turmoil ensues in Headquarters. Although Joy, Riley's main and most important emotion, tries to keep things positive, the emotions conflict on how best to navigate a new city, house and school.","popularity":30.54,"poster_path":"/aAmfIX3TT40zUHGcCKrlOZRKC7u.jpg","production_companies":[{"id":3,"logo_path":"/1TjvGVDMYsj6JBxOAkUHpPEwLf7.png","name":"Pixar","origin_country":"US","movie_id":150540}],"production_countries":[{"iso_3166_1":"US","name":"United States of America"}],"release_date":"2015-06-09","revenue":857611174,"runtime":95,"spoken_languages":[{"iso_639_1":"en","name":"English"}],"status":"Released","tagline":"Meet the little voices inside your head.","title":"Inside Out","video":false,"vote_average":7.9,"vote_count":10952,"bechdel":"3"},{"adult":false,"backdrop_path":"/o5yflApN9GuOkmnv6O9l4z83U5F.jpg","belongs_to_collection":{"id":108693,"name":"National Lampoon's Vacation Collection","poster_path":"/zvEUkLpDO7xlgabBEA9CCc0cvAt.jpg","backdrop_path":"/pBmhj6KkEjlzc3e7jAPkIHgGIrE.jpg"},"budget":27000000,"genres":[{"id":35,"name":"Comedy"}],"homepage":null,"id":5825,"imdb_id":"tt0097958","original_language":"en","original_title":"National Lampoon's Christmas Vacation","overview":"It's Christmas time and the Griswolds are preparing for a family seasonal celebration, but things never run smoothly for Clark, his wife Ellen and their two kids. Clark's continual bad luck is worsened by his obnoxious family guests, but he manages to keep going knowing that his Christmas bonus is due soon.","popularity":30.1,"poster_path":"/uh2sQFjRXCwexWcBtV7OEnL1c5G.jpg","production_companies":[{"id":477,"logo_path":null,"name":"Hughes Entertainment","origin_country":"","movie_id":5825},{"id":174,"logo_path":"/ky0xOc5OrhzkZ1N6KyUxacfQsCk.png","name":"Warner Bros. Pictures","origin_country":"US","movie_id":5825}],"production_countries":[{"iso_3166_1":"US","name":"United States of America"}],"release_date":"1989-12-01","revenue":71319546,"runtime":97,"spoken_languages":[{"iso_639_1":"en","name":"English"}],"status":"Released","tagline":"Yule crack up.","title":"National Lampoon's Christmas Vacation","video":false,"vote_average":7.2,"vote_count":931,"bechdel":"3"},{"adult":false,"backdrop_path":"/yCOLqh5MOGyYdo58Ap0aWvKop9h.jpg","belongs_to_collection":{"id":86117,"name":"Johnny English Collection","poster_path":"/3a2BVS2aFHK66pnIqFKcJ9HaC45.jpg","backdrop_path":"/pMHHhMKu2iQichL6Eym4ApCvIEB.jpg"},"budget":0,"genres":[{"id":12,"name":"Adventure"},{"id":10751,"name":"Family"},{"id":28,"name":"Action"},{"id":35,"name":"Comedy"}],"homepage":"http://www.johnnyenglishmovie.com/","id":463272,"imdb_id":"tt6921996","original_language":"en","original_title":"Johnny English Strikes Again","overview":"Disaster strikes when a criminal mastermind reveals the identities of all active undercover agents in Britain. The secret service can now rely on only one man - Johnny English. Currently teaching at a minor prep school, Johnny springs back into action to find the mysterious hacker. For this mission to succeed, he’ll need all of his skills - what few he has - as the man with yesterday’s analogue methods faces off against tomorrow’s digital technology.","popularity":29.771,"poster_path":"/tCBxnZwLiY1BOKw3tH6AxHZdqPh.jpg","production_companies":[{"id":33,"logo_path":"/8lvHyhjr8oUKOOy2dKXoALWKdp0.png","name":"Universal Pictures","origin_country":"US","movie_id":463272},{"id":694,"logo_path":"/5LEHONGkZBIoWvp1ygHOF8iyi1M.png","name":"StudioCanal","origin_country":"FR","movie_id":463272},{"id":10163,"logo_path":"/cifwIG2aVR1dRis6yoiilq4qeIh.png","name":"Working Title Films","origin_country":"GB","movie_id":463272},{"id":10338,"logo_path":"/el2ap6lvjcEDdbyJoB3oKiYgXu9.png","name":"Perfect World Pictures","origin_country":"CN","movie_id":463272}],"production_countries":[{"iso_3166_1":"FR","name":"France"},{"iso_3166_1":"US","name":"United States of America"},{"iso_3166_1":"GB","name":"United Kingdom"}],"release_date":"2018-09-13","revenue":66,"runtime":89,"spoken_languages":[{"iso_639_1":"en","name":"English"}],"status":"Released","tagline":"Intelligence is a deadly tool","title":"Johnny English Strikes Again","video":false,"vote_average":6.2,"vote_count":350,"bechdel":"1"},{"adult":false,"backdrop_path":"/hEJ52KqwOmyRpcihs10h7xOwN7e.jpg","belongs_to_collection":{"id":523855,"name":"The Equalizer Collection","poster_path":"/lq0Ledkl44xhnr1C15AiqbprAAi.jpg","backdrop_path":"/snZcRgLGgdB7VBDVeGVSdDFRlid.jpg"},"budget":55000000,"genres":[{"id":53,"name":"Thriller"},{"id":28,"name":"Action"},{"id":80,"name":"Crime"}],"homepage":"http://www.sonypictures.com/movies/theequalizer/discanddigital/","id":156022,"imdb_id":"tt0455944","original_language":"en","original_title":"The Equalizer","overview":"McCall believes he has put his mysterious past behind him and dedicated himself to beginning a new, quiet life. But when he meets Teri, a young girl under the control of ultra-violent Russian gangsters, he can’t stand idly by – he has to help her. Armed with hidden skills that allow him to serve vengeance against anyone who would brutalize the helpless, McCall comes out of his self-imposed retirement and finds his desire for justice reawakened. If someone has a problem, if the odds are stacked against them, if they have nowhere else to turn, McCall will help. He is The Equalizer.","popularity":29.738,"poster_path":"/2eQfjqlvPAxd9aLDs8DvsKLnfed.jpg","production_companies":[{"id":41096,"logo_path":null,"name":"Lonetree Entertainment","origin_country":"US","movie_id":156022},{"id":5,"logo_path":"/71BqEFAF4V3qjjMPCpLuyJFB9A.png","name":"Columbia Pictures","origin_country":"US","movie_id":156022},{"id":79,"logo_path":"/tpFpsqbleCzEE2p5EgvUq6ozfCA.png","name":"Village Roadshow Pictures","origin_country":"US","movie_id":156022},{"id":1423,"logo_path":"/1rbAwGQzrNvXDICD6HWEn1YqfAV.png","name":"Escape Artists","origin_country":"US","movie_id":156022},{"id":34034,"logo_path":null,"name":"LStar Capital","origin_country":"US","movie_id":156022},{"id":2767,"logo_path":null,"name":"Mace Neufeld Productions","origin_country":"US","movie_id":156022}],"production_countries":[{"iso_3166_1":"US","name":"United States of America"}],"release_date":"2014-09-24","revenue":192330738,"runtime":132,"spoken_languages":[{"iso_639_1":"en","name":"English"}],"status":"Released","tagline":"What do you see when you look at me?","title":"The Equalizer","video":false,"vote_average":7.2,"vote_count":4314,"bechdel":"1"},{"adult":false,"backdrop_path":"/zrAO2OOa6s6dQMQ7zsUbDyIBrAP.jpg","belongs_to_collection":{"id":382685,"name":"Now You See Me Collection","poster_path":"/n0ygWnRip5RYnejdI6Lpwxov0x7.jpg","backdrop_path":"/scBzORmLqP00h8hPKS19TLtyRQm.jpg"},"budget":90000000,"genres":[{"id":28,"name":"Action"},{"id":35,"name":"Comedy"},{"id":53,"name":"Thriller"}],"homepage":"http://nowyouseeme.movie","id":291805,"imdb_id":"tt3110958","original_language":"en","original_title":"Now You See Me 2","overview":"One year after outwitting the FBI and winning the public’s adulation with their mind-bending spectacles, the Four Horsemen resurface only to find themselves face to face with a new enemy who enlists them to pull off their most dangerous heist yet.","popularity":29.819,"poster_path":"/hU0E130tsGdsYa4K9lc3Xrn5Wyt.jpg","production_companies":[{"id":491,"logo_path":"/rUp0lLKa1pr4UsPm8fgzmnNGxtq.png","name":"Summit Entertainment","origin_country":"US","movie_id":291805},{"id":1632,"logo_path":"/cisLn1YAUuptXVBa0xjq7ST9cH0.png","name":"Lionsgate","origin_country":"US","movie_id":291805},{"id":7296,"logo_path":null,"name":"K/O Paper Products","origin_country":"US","movie_id":291805},{"id":72441,"logo_path":null,"name":"TIK Films","origin_country":"","movie_id":291805}],"production_countries":[{"iso_3166_1":"CA","name":"Canada"},{"iso_3166_1":"CN","name":"China"},{"iso_3166_1":"GB","name":"United Kingdom"},{"iso_3166_1":"US","name":"United States of America"}],"release_date":"2016-06-02","revenue":334901337,"runtime":129,"spoken_languages":[{"iso_639_1":"zh","name":"普通话"},{"iso_639_1":"en","name":"English"}],"status":"Released","tagline":"You Haven't Seen Anything Yet","title":"Now You See Me 2","video":false,"vote_average":6.8,"vote_count":5786,"bechdel":"1"},{"adult":false,"backdrop_path":"/kvXLZqY0Ngl1XSw7EaMQO0C1CCj.jpg","belongs_to_collection":{"id":422834,"name":"Ant-Man Collection","poster_path":"/tdKbDECJQ3JmYaMubNaKFM1mgcY.jpg","backdrop_path":"/fBCmtUJzQUKlSuQH4huvkYdkifq.jpg"},"budget":130000000,"genres":[{"id":878,"name":"Science Fiction"},{"id":28,"name":"Action"},{"id":12,"name":"Adventure"}],"homepage":"http://marvel.com/movies/movie/180/ant-man","id":102899,"imdb_id":"tt0478970","original_language":"en","original_title":"Ant-Man","overview":"Armed with the astonishing ability to shrink in scale but increase in strength, master thief Scott Lang must embrace his inner-hero and help his mentor, Doctor Hank Pym, protect the secret behind his spectacular Ant-Man suit from a new generation of towering threats. Against seemingly insurmountable obstacles, Pym and Lang must plan and pull off a heist that will save the world.","popularity":25.658,"poster_path":"/D6e8RJf2qUstnfkTslTXNTUAlT.jpg","production_companies":[{"id":420,"logo_path":"/hUzeosd33nzE5MCNsZxCGEKTXaQ.png","name":"Marvel Studios","origin_country":"US","movie_id":102899}],"production_countries":[{"iso_3166_1":"US","name":"United States of America"}],"release_date":"2015-07-14","revenue":519311965,"runtime":117,"spoken_languages":[{"iso_639_1":"en","name":"English"}],"status":"Released","tagline":"Heroes don't get any bigger.","title":"Ant-Man","video":false,"vote_average":7.1,"vote_count":9926,"bechdel":"2"},{"adult":false,"backdrop_path":"/4PwyB0ErucIANzW24Kori71J6gU.jpg","belongs_to_collection":{"id":131635,"name":"The Hunger Games Collection","poster_path":"/wrWNUgkBqWyR619tNhg1upWhkHw.jpg","backdrop_path":"/zWiiLNg8yXv0he3tCH6XignPaYV.jpg"},"budget":125000000,"genres":[{"id":878,"name":"Science Fiction"},{"id":12,"name":"Adventure"},{"id":53,"name":"Thriller"}],"homepage":"http://www.thehungergames.movie/","id":131631,"imdb_id":"tt1951265","original_language":"en","original_title":"The Hunger Games: Mockingjay - Part 1","overview":"Katniss Everdeen reluctantly becomes the symbol of a mass rebellion against the autocratic Capitol.","popularity":29.562,"poster_path":"/gj282Pniaa78ZJfbaixyLXnXEDI.jpg","production_companies":[{"id":1632,"logo_path":"/cisLn1YAUuptXVBa0xjq7ST9cH0.png","name":"Lionsgate","origin_country":"US","movie_id":131631},{"id":5420,"logo_path":"/du0ccP7uaodq3rTXhddhywwNPXm.png","name":"Color Force","origin_country":"US","movie_id":131631}],"production_countries":[{"iso_3166_1":"US","name":"United States of America"}],"release_date":"2014-11-18","revenue":752100229,"runtime":123,"spoken_languages":[{"iso_639_1":"en","name":"English"}],"status":"Released","tagline":"Fire burns brighter in the darkness","title":"The Hunger Games: Mockingjay - Part 1","video":false,"vote_average":6.7,"vote_count":8877,"bechdel":"3"},{"adult":false,"backdrop_path":"/4cDFJr4HnXN5AdPw4AKrmLlMWdO.jpg","belongs_to_collection":null,"budget":8000000,"genres":[{"id":53,"name":"Thriller"},{"id":80,"name":"Crime"}],"homepage":null,"id":680,"imdb_id":"tt0110912","original_language":"en","original_title":"Pulp Fiction","overview":"A burger-loving hit man, his philosophical partner, a drug-addled gangster's moll and a washed-up boxer converge in this sprawling, comedic crime caper. Their adventures unfurl in three stories that ingeniously trip back and forth in time.","popularity":27.366,"poster_path":"/dM2w364MScsjFf8pfMbaWUcWrR.jpg","production_companies":[{"id":14,"logo_path":"/m6AHu84oZQxvq7n1rsvMNJIAsMu.png","name":"Miramax","origin_country":"US","movie_id":680},{"id":59,"logo_path":"/yH7OMeSxhfP0AVM6iT0rsF3F4ZC.png","name":"A Band Apart","origin_country":"US","movie_id":680},{"id":216,"logo_path":null,"name":"Jersey Films","origin_country":"","movie_id":680}],"production_countries":[{"iso_3166_1":"US","name":"United States of America"}],"release_date":"1994-09-10","revenue":213928762,"runtime":154,"spoken_languages":[{"iso_639_1":"en","name":"English"},{"iso_639_1":"es","name":"Español"},{"iso_639_1":"fr","name":"Français"}],"status":"Released","tagline":"Just because you are a character doesn't mean you have character.","title":"Pulp Fiction","video":false,"vote_average":8.4,"vote_count":13208,"bechdel":"3"},{"adult":false,"backdrop_path":"/6lL49SOgBtqiXMs7Y5HWBYH3X9Z.jpg","belongs_to_collection":{"id":94032,"name":"The Lion King Collection","poster_path":"/oG1heUs503GV6xBnFhgyYTGWm05.jpg","backdrop_path":"/A9IEaj9cPAwEgFnTmteB70oxgJY.jpg"},"budget":45000000,"genres":[{"id":10751,"name":"Family"},{"id":16,"name":"Animation"},{"id":18,"name":"Drama"}],"homepage":"http://movies.disney.com/the-lion-king","id":8587,"imdb_id":"tt0110357","original_language":"en","original_title":"The Lion King","overview":"A young lion cub named Simba can't wait to be king. But his uncle craves the title for himself and will stop at nothing to get it.","popularity":28.75,"poster_path":"/bKPtXn9n4M4s8vvZrbw40mYsefB.jpg","production_companies":[{"id":2,"logo_path":"/4MbjW4f9bu6LvlDmyIvfyuT3boj.png","name":"Walt Disney Pictures","origin_country":"US","movie_id":8587},{"id":6125,"logo_path":"/tVPmo07IHhBs4HuilrcV0yujsZ9.png","name":"Walt Disney Animation Studios","origin_country":"US","movie_id":8587}],"production_countries":[{"iso_3166_1":"US","name":"United States of America"}],"release_date":"1994-05-07","revenue":987483777,"runtime":89,"spoken_languages":[{"iso_639_1":"en","name":"English"}],"status":"Released","tagline":"Life's greatest adventure is finding your place in the Circle of Life.","title":"The Lion King","video":false,"vote_average":8.2,"vote_count":8761,"bechdel":"1"},{"adult":false,"backdrop_path":"/aJn9XeesqsrSLKcHfHP4u5985hn.jpg","belongs_to_collection":{"id":284433,"name":"Guardians of the Galaxy Collection","poster_path":"/iL8mukexAqEg0xK783rG561tdd8.jpg","backdrop_path":"/jdyyjulTBU8YUYAUvQFj6U1g2Pj.jpg"},"budget":200000000,"genres":[{"id":28,"name":"Action"},{"id":12,"name":"Adventure"},{"id":35,"name":"Comedy"},{"id":878,"name":"Science Fiction"}],"homepage":"http://marvel.com/movies/movie/221/guardians_of_the_galaxy_vol_2","id":283995,"imdb_id":"tt3896198","original_language":"en","original_title":"Guardians of the Galaxy Vol. 2","overview":"The Guardians must fight to keep their newfound family together as they unravel the mysteries of Peter Quill's true parentage.","popularity":26.007,"poster_path":"/y4MBh0EjBlMuOzv9axM4qJlmhzz.jpg","production_companies":[{"id":420,"logo_path":"/hUzeosd33nzE5MCNsZxCGEKTXaQ.png","name":"Marvel Studios","origin_country":"US","movie_id":283995}],"production_countries":[{"iso_3166_1":"US","name":"United States of America"}],"release_date":"2017-04-19","revenue":863756051,"runtime":137,"spoken_languages":[{"iso_639_1":"en","name":"English"}],"status":"Released","tagline":"Obviously.","title":"Guardians of the Galaxy Vol. 2","video":false,"vote_average":7.7,"vote_count":10217,"bechdel":"3"},{"adult":false,"backdrop_path":"/nMomMy1sD3SN2QsKop3zBXCJfDJ.jpg","belongs_to_collection":null,"budget":3180000,"genres":[{"id":18,"name":"Drama"},{"id":10751,"name":"Family"},{"id":14,"name":"Fantasy"}],"homepage":null,"id":1585,"imdb_id":"tt0038650","original_language":"en","original_title":"It's a Wonderful Life","overview":"A holiday favourite for generations...  George Bailey has spent his entire life giving to the people of Bedford Falls.  All that prevents rich skinflint Mr. Potter from taking over the entire town is George's modest building and loan company.  But on Christmas Eve the business's $8,000 is lost and George's troubles begin.","popularity":28.376,"poster_path":"/rgj6QjdyCeDrO9KGt1kusGyhvb2.jpg","production_companies":[{"id":6,"logo_path":"/n53F7K9scQWFXYbrCablqLKqJdp.png","name":"RKO Radio Pictures","origin_country":"US","movie_id":1585},{"id":11770,"logo_path":null,"name":"Liberty Films (II)","origin_country":"","movie_id":1585}],"production_countries":[{"iso_3166_1":"US","name":"United States of America"}],"release_date":"1946-12-20","revenue":9644124,"runtime":130,"spoken_languages":[{"iso_639_1":"en","name":"English"}],"status":"Released","tagline":"It's a wonderful laugh! It's a wonderful love!","title":"It's a Wonderful Life","video":false,"vote_average":8.2,"vote_count":1698,"bechdel":"3"},{"adult":false,"backdrop_path":"/m9vS8UfYd9XZedhO7ifpAznxSOj.jpg","belongs_to_collection":{"id":84,"name":"Indiana Jones Collection","poster_path":"/lpxDrACKJhbbGOlwVMNz5YCj6SI.jpg","backdrop_path":"/9f8kjuytZPJEPf1bhJgkekaoanr.jpg"},"budget":185000000,"genres":[{"id":12,"name":"Adventure"},{"id":28,"name":"Action"}],"homepage":"http://www.indianajones.com/site/index.html","id":217,"imdb_id":"tt0367882","original_language":"en","original_title":"Indiana Jones and the Kingdom of the Crystal Skull","overview":"Set during the Cold War, the Soviets – led by sword-wielding Irina Spalko – are in search of a crystal skull which has supernatural powers related to a mystical Lost City of Gold. After being captured and then escaping from them, Indy is coerced to head to Peru at the behest of a young man whose friend – and Indy's colleague – Professor Oxley has been captured for his knowledge of the skull's whereabouts.","popularity":28.327,"poster_path":"/qY1x6v5daMDTr904G3y84WVgpfC.jpg","production_companies":[{"id":4,"logo_path":"/fycMZt242LVjagMByZOLUGbCvv3.png","name":"Paramount","origin_country":"US","movie_id":217},{"id":1,"logo_path":"/o86DbpburjxrqAzEDhXZcyE8pDb.png","name":"Lucasfilm","origin_country":"US","movie_id":217}],"production_countries":[{"iso_3166_1":"US","name":"United States of America"}],"release_date":"2008-05-21","revenue":786636033,"runtime":122,"spoken_languages":[{"iso_639_1":"en","name":"English"},{"iso_639_1":"de","name":"Deutsch"},{"iso_639_1":"ru","name":"Pусский"}],"status":"Released","tagline":"The adventure continues . . .","title":"Indiana Jones and the Kingdom of the Crystal Skull","video":false,"vote_average":5.8,"vote_count":3883,"bechdel":"1"},{"adult":false,"backdrop_path":"/zpq404Sk7qQ7N4x3xOeNgp74GtU.jpg","belongs_to_collection":null,"budget":84000000,"genres":[{"id":18,"name":"Drama"}],"homepage":"http://thegreatestshowman.com/","id":316029,"imdb_id":"tt1485796","original_language":"en","original_title":"The Greatest Showman","overview":"The story of American showman P.T. Barnum, founder of the circus that became the famous traveling Ringling Bros. and Barnum & Bailey Circus.","popularity":28.13,"poster_path":"/b9CeobiihCx1uG1tpw8hXmpi7nm.jpg","production_companies":[{"id":7076,"logo_path":"/8BFxn9NUWSgp0ndih569Gm62xiC.png","name":"Chernin Entertainment","origin_country":"US","movie_id":316029},{"id":25,"logo_path":"/qZCc1lty5FzX30aOCVRBLzaVmcp.png","name":"20th Century Fox","origin_country":"US","movie_id":316029},{"id":22213,"logo_path":"/qx9K6bFWJupwde0xQDwOvXkOaL8.png","name":"TSG Entertainment","origin_country":"US","movie_id":316029}],"production_countries":[{"iso_3166_1":"US","name":"United States of America"}],"release_date":"2017-12-20","revenue":432844677,"runtime":105,"spoken_languages":[{"iso_639_1":"fr","name":"Français"},{"iso_639_1":"en","name":"English"}],"status":"Released","tagline":"The Impossible Comes True","title":"The Greatest Showman","video":false,"vote_average":8,"vote_count":3859,"bechdel":"3"},{"adult":false,"backdrop_path":"/6iUNJZymJBMXXriQyFZfLAKnjO6.jpg","belongs_to_collection":{"id":468552,"name":"Wonder Woman Collection","poster_path":null,"backdrop_path":"/wdxWpq6lzgWxH8N8YgqQmLPvgn5.jpg"},"budget":149000000,"genres":[{"id":28,"name":"Action"},{"id":12,"name":"Adventure"},{"id":14,"name":"Fantasy"},{"id":10752,"name":"War"}],"homepage":"http://www.warnerbros.com/wonder-woman","id":297762,"imdb_id":"tt0451279","original_language":"en","original_title":"Wonder Woman","overview":"An Amazon princess comes to the world of Man in the grips of the First World War to confront the forces of evil and bring an end to human conflict.","popularity":27.089,"poster_path":"/imekS7f1OuHyUP2LAiTEM0zBzUz.jpg","production_companies":[{"id":444,"logo_path":null,"name":"Dune Entertainment","origin_country":"US","movie_id":297762},{"id":507,"logo_path":"/z7H707qUWigbjHnJDMfj6QITEpb.png","name":"Atlas Entertainment","origin_country":"US","movie_id":297762},{"id":9993,"logo_path":"/2Tc1P3Ac8M479naPp1kYT3izLS5.png","name":"DC Entertainment","origin_country":"US","movie_id":297762},{"id":9995,"logo_path":"/mAIGhOYhN4N2N0F7p4dbKhgXf3l.png","name":"Cruel & Unusual Films","origin_country":"US","movie_id":297762},{"id":81620,"logo_path":"/gNp4dfuBOXmVWdGKb63NfbFNbFi.png","name":"Tencent Pictures","origin_country":"CN","movie_id":297762},{"id":83838,"logo_path":null,"name":"Wanda Pictures","origin_country":"","movie_id":297762},{"id":174,"logo_path":"/ky0xOc5OrhzkZ1N6KyUxacfQsCk.png","name":"Warner Bros. Pictures","origin_country":"US","movie_id":297762}],"production_countries":[{"iso_3166_1":"US","name":"United States of America"}],"release_date":"2017-05-30","revenue":821847012,"runtime":141,"spoken_languages":[{"iso_639_1":"de","name":"Deutsch"},{"iso_639_1":"en","name":"English"}],"status":"Released","tagline":"Power. Grace. Wisdom. Wonder.","title":"Wonder Woman","video":false,"vote_average":7.2,"vote_count":10777,"bechdel":"3"},{"adult":false,"backdrop_path":"/askg3SMvhqEl4OL52YuvdtY40Yb.jpg","belongs_to_collection":null,"budget":175000000,"genres":[{"id":16,"name":"Animation"},{"id":10751,"name":"Family"},{"id":35,"name":"Comedy"},{"id":12,"name":"Adventure"}],"homepage":"https://www.pixar.com/feature-films/coco","id":354912,"imdb_id":"tt2380307","original_language":"en","original_title":"Coco","overview":"Despite his family’s baffling generations-old ban on music, Miguel dreams of becoming an accomplished musician like his idol, Ernesto de la Cruz. Desperate to prove his talent, Miguel finds himself in the stunning and colorful Land of the Dead following a mysterious chain of events. Along the way, he meets charming trickster Hector, and together, they set off on an extraordinary journey to unlock the real story behind Miguel's family history.","popularity":24.949,"poster_path":"/eKi8dIrr8voobbaGzDpe8w0PVbC.jpg","production_companies":[{"id":3,"logo_path":"/1TjvGVDMYsj6JBxOAkUHpPEwLf7.png","name":"Pixar","origin_country":"US","movie_id":354912}],"production_countries":[{"iso_3166_1":"US","name":"United States of America"}],"release_date":"2017-10-27","revenue":800526015,"runtime":105,"spoken_languages":[{"iso_639_1":"en","name":"English"},{"iso_639_1":"es","name":"Español"}],"status":"Released","tagline":"The celebration of a lifetime","title":"Coco","video":false,"vote_average":8.1,"vote_count":6746,"bechdel":"3"},{"adult":false,"backdrop_path":"/mhdeE1yShHTaDbJVdWyTlzFvNkr.jpg","belongs_to_collection":null,"budget":150000000,"genres":[{"id":16,"name":"Animation"},{"id":12,"name":"Adventure"},{"id":10751,"name":"Family"},{"id":35,"name":"Comedy"}],"homepage":"http://movies.disney.com/zootopia","id":269149,"imdb_id":"tt2948356","original_language":"en","original_title":"Zootopia","overview":"Determined to prove herself, Officer Judy Hopps, the first bunny on Zootopia's police force, jumps at the chance to crack her first case - even if it means partnering with scam-artist fox Nick Wilde to solve the mystery.","popularity":29.453,"poster_path":"/sM33SANp9z6rXW8Itn7NnG1GOEs.jpg","production_companies":[{"id":6125,"logo_path":"/tVPmo07IHhBs4HuilrcV0yujsZ9.png","name":"Walt Disney Animation Studios","origin_country":"US","movie_id":269149},{"id":2,"logo_path":"/4MbjW4f9bu6LvlDmyIvfyuT3boj.png","name":"Walt Disney Pictures","origin_country":"US","movie_id":269149}],"production_countries":[{"iso_3166_1":"US","name":"United States of America"}],"release_date":"2016-02-11","revenue":1023784195,"runtime":109,"spoken_languages":[{"iso_639_1":"en","name":"English"}],"status":"Released","tagline":"Welcome to the urban jungle.","title":"Zootopia","video":false,"vote_average":7.7,"vote_count":8652,"bechdel":"3"},{"adult":false,"backdrop_path":"/n1y094tVDFATSzkTnFxoGZ1qNsG.jpg","belongs_to_collection":{"id":448150,"name":"Deadpool Collection","poster_path":"/30c5jO7YEXuF8KiWXLg9m28GWDA.jpg","backdrop_path":"/dTq7mGyAR5eAydR532feWfjJjzm.jpg"},"budget":58000000,"genres":[{"id":28,"name":"Action"},{"id":12,"name":"Adventure"},{"id":35,"name":"Comedy"}],"homepage":"http://www.foxmovies.com/movies/deadpool","id":293660,"imdb_id":"tt1431045","original_language":"en","original_title":"Deadpool","overview":"Deadpool tells the origin story of former Special Forces operative turned mercenary Wade Wilson, who after being subjected to a rogue experiment that leaves him with accelerated healing powers, adopts the alter ego Deadpool. Armed with his new abilities and a dark, twisted sense of humor, Deadpool hunts down the man who nearly destroyed his life.","popularity":27.519,"poster_path":"/inVq3FRqcYIRl2la8iZikYYxFNR.jpg","production_companies":[{"id":7505,"logo_path":"/837VMM4wOkODc1idNxGT0KQJlej.png","name":"Marvel Entertainment","origin_country":"US","movie_id":293660},{"id":22213,"logo_path":"/qx9K6bFWJupwde0xQDwOvXkOaL8.png","name":"TSG Entertainment","origin_country":"US","movie_id":293660},{"id":25,"logo_path":"/qZCc1lty5FzX30aOCVRBLzaVmcp.png","name":"20th Century Fox","origin_country":"US","movie_id":293660},{"id":28788,"logo_path":null,"name":"Genre Films","origin_country":"US","movie_id":293660},{"id":431,"logo_path":null,"name":"The Donners' Company","origin_country":"US","movie_id":293660}],"production_countries":[{"iso_3166_1":"US","name":"United States of America"}],"release_date":"2016-02-09","revenue":783100000,"runtime":108,"spoken_languages":[{"iso_639_1":"en","name":"English"}],"status":"Released","tagline":"Witness the beginning of a happy ending","title":"Deadpool","video":false,"vote_average":7.5,"vote_count":17799,"bechdel":"1"},{"adult":false,"backdrop_path":"/5BxrMNGl3YDiWgHCVJu8iLQoJDM.jpg","belongs_to_collection":null,"budget":34000000,"genres":[{"id":878,"name":"Science Fiction"},{"id":53,"name":"Thriller"}],"homepage":null,"id":445651,"imdb_id":"tt4073790","original_language":"en","original_title":"The Darkest Minds","overview":"After a disease kills 98% of America's children, the surviving 2% develop superpowers and are placed in internment camps. A 16-year-old girl escapes her camp and joins a group of other teens on the run from the government.","popularity":27.493,"poster_path":"/94RaS52zmsqaiAe1TG20pdbJCZr.jpg","production_companies":[{"id":2575,"logo_path":"/9YJrHYlcfHtwtulkFMAies3aFEl.png","name":"21 Laps Entertainment","origin_country":"US","movie_id":445651}],"production_countries":[{"iso_3166_1":"US","name":"United States of America"}],"release_date":"2018-08-02","revenue":24420461,"runtime":105,"spoken_languages":[{"iso_639_1":"en","name":"English"}],"status":"Released","tagline":"The ones who changed will change everything","title":"The Darkest Minds","video":false,"vote_average":6.8,"vote_count":680,"bechdel":"3"},{"adult":false,"backdrop_path":"/6n0DAcyjTHS6888mt8U9ZsLy9nR.jpg","belongs_to_collection":{"id":1241,"name":"Harry Potter Collection","poster_path":"/eVPs2Y0LyvTLZn6AP5Z6O2rtiGB.jpg","backdrop_path":"/wfnMt6LGqYHcNyOfsuusw5lX3bL.jpg"},"budget":125000000,"genres":[{"id":10751,"name":"Family"},{"id":14,"name":"Fantasy"},{"id":12,"name":"Adventure"}],"homepage":"http://hpwishlist.warnerbros.com/","id":12445,"imdb_id":"tt1201607","original_language":"en","original_title":"Harry Potter and the Deathly Hallows: Part 2","overview":"Harry, Ron and Hermione continue their quest to vanquish the evil Voldemort once and for all. Just as things begin to look hopeless for the young wizards, Harry discovers a trio of magical objects that endow him with powers to rival Voldemort's formidable skills.","popularity":27.35,"poster_path":"/fTplI1NCSuEDP4ITLcTps739fcC.jpg","production_companies":[{"id":174,"logo_path":"/ky0xOc5OrhzkZ1N6KyUxacfQsCk.png","name":"Warner Bros. Pictures","origin_country":"US","movie_id":12445},{"id":437,"logo_path":"/nu20mtwbEIhUNnQ5NXVhHsNknZj.png","name":"Heyday Films","origin_country":"GB","movie_id":12445}],"production_countries":[{"iso_3166_1":"GB","name":"United Kingdom"},{"iso_3166_1":"US","name":"United States of America"}],"release_date":"2011-07-07","revenue":1342000000,"runtime":130,"spoken_languages":[{"iso_639_1":"es","name":"Español"},{"iso_639_1":"en","name":"English"}],"status":"Released","tagline":"It all ends here.","title":"Harry Potter and the Deathly Hallows: Part 2","video":false,"vote_average":8,"vote_count":9890,"bechdel":"3"},{"adult":false,"backdrop_path":"/LvmmDZxkTDqp0DX7mUo621ahdX.jpg","belongs_to_collection":{"id":131296,"name":"Thor Collection","poster_path":"/yw7gr7DhHHVTLlO8Se8uH17TDMA.jpg","backdrop_path":"/3KL8UNKFWgIKXzLHjwY0uwgjzYl.jpg"},"budget":150000000,"genres":[{"id":12,"name":"Adventure"},{"id":14,"name":"Fantasy"},{"id":28,"name":"Action"}],"homepage":"http://thor.marvel.com/","id":10195,"imdb_id":"tt0800369","original_language":"en","original_title":"Thor","overview":"Against his father Odin's will, The Mighty Thor - a powerful but arrogant warrior god - recklessly reignites an ancient war. Thor is cast down to Earth and forced to live among humans as punishment. Once here, Thor learns what it takes to be a true hero when the most dangerous villain of his world sends the darkest forces of Asgard to invade Earth.","popularity":24.24,"poster_path":"/bIuOWTtyFPjsFDevqvF3QrD1aun.jpg","production_companies":[{"id":420,"logo_path":"/hUzeosd33nzE5MCNsZxCGEKTXaQ.png","name":"Marvel Studios","origin_country":"US","movie_id":10195}],"production_countries":[{"iso_3166_1":"US","name":"United States of America"}],"release_date":"2011-04-21","revenue":449326618,"runtime":115,"spoken_languages":[{"iso_639_1":"en","name":"English"}],"status":"Released","tagline":"Two worlds. One hero.","title":"Thor","video":false,"vote_average":6.7,"vote_count":10668,"bechdel":"3"},{"adult":false,"backdrop_path":"/7u3pxc0K1wx32IleAkLv78MKgrw.jpg","belongs_to_collection":{"id":2344,"name":"The Matrix Collection","poster_path":"/lh4aGpd3U9rm9B8Oqr6CUgQLtZL.jpg","backdrop_path":"/bRm2DEgUiYciDw3myHuYFInD7la.jpg"},"budget":63000000,"genres":[{"id":28,"name":"Action"},{"id":878,"name":"Science Fiction"}],"homepage":"http://www.warnerbros.com/matrix","id":603,"imdb_id":"tt0133093","original_language":"en","original_title":"The Matrix","overview":"Set in the 22nd century, The Matrix tells the story of a computer hacker who joins a group of underground insurgents fighting the vast and powerful computers who now rule the earth.","popularity":24.981,"poster_path":"/hEpWvX6Bp79eLxY1kX5ZZJcme5U.jpg","production_companies":[{"id":79,"logo_path":"/tpFpsqbleCzEE2p5EgvUq6ozfCA.png","name":"Village Roadshow Pictures","origin_country":"US","movie_id":603},{"id":372,"logo_path":null,"name":"Groucho II Film Partnership","origin_country":"","movie_id":603},{"id":1885,"logo_path":"/xlvoOZr4s1PygosrwZyolIFe5xs.png","name":"Silver Pictures","origin_country":"US","movie_id":603},{"id":174,"logo_path":"/ky0xOc5OrhzkZ1N6KyUxacfQsCk.png","name":"Warner Bros. Pictures","origin_country":"US","movie_id":603}],"production_countries":[{"iso_3166_1":"AU","name":"Australia"},{"iso_3166_1":"US","name":"United States of America"}],"release_date":"1999-03-30","revenue":463517383,"runtime":136,"spoken_languages":[{"iso_639_1":"en","name":"English"}],"status":"Released","tagline":"Welcome to the Real World.","title":"The Matrix","video":false,"vote_average":8.1,"vote_count":12707,"bechdel":"3"},{"adult":false,"backdrop_path":"/8YA36faYlkpfp6aozcGsqq68pZ9.jpg","belongs_to_collection":{"id":1241,"name":"Harry Potter Collection","poster_path":"/eVPs2Y0LyvTLZn6AP5Z6O2rtiGB.jpg","backdrop_path":"/wfnMt6LGqYHcNyOfsuusw5lX3bL.jpg"},"budget":250000000,"genres":[{"id":12,"name":"Adventure"},{"id":14,"name":"Fantasy"},{"id":10751,"name":"Family"}],"homepage":"http://www.harrypotter.com","id":12444,"imdb_id":"tt0926084","original_language":"en","original_title":"Harry Potter and the Deathly Hallows: Part 1","overview":"Harry, Ron and Hermione walk away from their last year at Hogwarts to find and destroy the remaining Horcruxes, putting an end to Voldemort's bid for immortality. But with Harry's beloved Dumbledore dead and Voldemort's unscrupulous Death Eaters on the loose, the world is more dangerous than ever.","popularity":27.171,"poster_path":"/maP4MTfPCeVD2FZbKTLUgriOW4R.jpg","production_companies":[{"id":174,"logo_path":"/ky0xOc5OrhzkZ1N6KyUxacfQsCk.png","name":"Warner Bros. Pictures","origin_country":"US","movie_id":12444},{"id":437,"logo_path":"/nu20mtwbEIhUNnQ5NXVhHsNknZj.png","name":"Heyday Films","origin_country":"GB","movie_id":12444}],"production_countries":[{"iso_3166_1":"GB","name":"United Kingdom"},{"iso_3166_1":"US","name":"United States of America"}],"release_date":"2010-10-17","revenue":954305868,"runtime":146,"spoken_languages":[{"iso_639_1":"en","name":"English"}],"status":"Released","tagline":"One Way… One Fate… One Hero.","title":"Harry Potter and the Deathly Hallows: Part 1","video":false,"vote_average":7.7,"vote_count":9213,"bechdel":"3"},{"adult":false,"backdrop_path":"/pIUvQ9Ed35wlWhY2oU6OmwEsmzG.jpg","belongs_to_collection":{"id":119,"name":"The Lord of the Rings Collection","poster_path":"/p4UokEk2XnjjRTdXGe6DLYXlbI1.jpg","backdrop_path":"/bccR2CGTWVVSZAG0yqmy3DIvhTX.jpg"},"budget":93000000,"genres":[{"id":12,"name":"Adventure"},{"id":14,"name":"Fantasy"},{"id":28,"name":"Action"}],"homepage":"http://www.lordoftherings.net/","id":120,"imdb_id":"tt0120737","original_language":"en","original_title":"The Lord of the Rings: The Fellowship of the Ring","overview":"Young hobbit Frodo Baggins, after inheriting a mysterious ring from his uncle Bilbo, must leave his home in order to keep it from falling into the hands of its evil creator. Along the way, a fellowship is formed to protect the ringbearer and make sure that the ring arrives at its final destination: Mt. Doom, the only place where it can be destroyed.","popularity":26.988,"poster_path":"/56zTpe2xvaA4alU51sRWPoKPYZy.jpg","production_companies":[{"id":12,"logo_path":"/iaYpEp3LQmb8AfAtmTvpqd4149c.png","name":"New Line Cinema","origin_country":"US","movie_id":120},{"id":11,"logo_path":null,"name":"WingNut Films","origin_country":"NZ","movie_id":120},{"id":5237,"logo_path":null,"name":"The Saul Zaentz Company","origin_country":"US","movie_id":120}],"production_countries":[{"iso_3166_1":"NZ","name":"New Zealand"},{"iso_3166_1":"US","name":"United States of America"}],"release_date":"2001-12-18","revenue":871368364,"runtime":178,"spoken_languages":[{"iso_639_1":"en","name":"English"}],"status":"Released","tagline":"One ring to rule them all","title":"The Lord of the Rings: The Fellowship of the Ring","video":false,"vote_average":8.2,"vote_count":12756,"bechdel":"1"},{"adult":false,"backdrop_path":"/zWGAnbxjjwY3xFGuOeR26LGbBlG.jpg","belongs_to_collection":{"id":256322,"name":"The Purge Collection","poster_path":"/fMfASrecQHhqBN7zRxqi5uYSb4.jpg","backdrop_path":"/quFWGOA4I5KCTsyDbvLh6PHNZwv.jpg"},"budget":9000000,"genres":[{"id":27,"name":"Horror"},{"id":53,"name":"Thriller"}],"homepage":null,"id":238636,"imdb_id":"tt2975578","original_language":"en","original_title":"The Purge: Anarchy","overview":"One night per year, the government sanctions a 12-hour period in which citizens can commit any crime they wish -- including murder -- without fear of punishment or imprisonment. Leo, a sergeant who lost his son, plans a vigilante mission of revenge during the mayhem. However, instead of a death-dealing avenger, he becomes the unexpected protector of four innocent strangers who desperately need his help if they are to survive the night.","popularity":26.875,"poster_path":"/l1DRl40x2OWUoPP42v8fjKdS1Z3.jpg","production_companies":[{"id":33,"logo_path":"/8lvHyhjr8oUKOOy2dKXoALWKdp0.png","name":"Universal Pictures","origin_country":"US","movie_id":238636},{"id":729,"logo_path":"/hNxGdbddbsDDnEWJ7RNLcGCRSLQ.png","name":"Why Not Productions","origin_country":"FR","movie_id":238636},{"id":2481,"logo_path":"/nVEP2IHCDOBOldgDL4SSufitN9.png","name":"Platinum Dunes","origin_country":"US","movie_id":238636},{"id":3172,"logo_path":"/kDedjRZwO8uyFhuHamomOhN6fzG.png","name":"Blumhouse Productions","origin_country":"US","movie_id":238636},{"id":47354,"logo_path":null,"name":"5150 Action","origin_country":"","movie_id":238636}],"production_countries":[{"iso_3166_1":"FR","name":"France"},{"iso_3166_1":"US","name":"United States of America"}],"release_date":"2014-07-17","revenue":108782847,"runtime":104,"spoken_languages":[{"iso_639_1":"en","name":"English"}],"status":"Released","tagline":"An American tradition","title":"The Purge: Anarchy","video":false,"vote_average":6.6,"vote_count":3317,"bechdel":"3"},{"adult":false,"backdrop_path":"/3FweBee0xZoY77uO1bhUOlQorNH.jpg","belongs_to_collection":{"id":131296,"name":"Thor Collection","poster_path":"/yw7gr7DhHHVTLlO8Se8uH17TDMA.jpg","backdrop_path":"/3KL8UNKFWgIKXzLHjwY0uwgjzYl.jpg"},"budget":170000000,"genres":[{"id":28,"name":"Action"},{"id":12,"name":"Adventure"},{"id":14,"name":"Fantasy"}],"homepage":"http://marvel.com/thor","id":76338,"imdb_id":"tt1981115","original_language":"en","original_title":"Thor: The Dark World","overview":"Thor fights to restore order across the cosmos… but an ancient race led by the vengeful Malekith returns to plunge the universe back into darkness. Faced with an enemy that even Odin and Asgard cannot withstand, Thor must embark on his most perilous and personal journey yet, one that will reunite him with Jane Foster and force him to sacrifice everything to save us all.","popularity":26.789,"poster_path":"/bnX5PqAdQZRXSw3aX3DutDcdso5.jpg","production_companies":[{"id":420,"logo_path":"/hUzeosd33nzE5MCNsZxCGEKTXaQ.png","name":"Marvel Studios","origin_country":"US","movie_id":76338}],"production_countries":[{"iso_3166_1":"US","name":"United States of America"}],"release_date":"2013-10-29","revenue":644571402,"runtime":112,"spoken_languages":[{"iso_639_1":"en","name":"English"}],"status":"Released","tagline":"Delve into the darkness","title":"Thor: The Dark World","video":false,"vote_average":6.7,"vote_count":8376,"bechdel":"3"},{"adult":false,"backdrop_path":"/lv3NrraY2VRK6ImwNU3vfOPZyTi.jpg","belongs_to_collection":null,"budget":165000000,"genres":[{"id":12,"name":"Adventure"},{"id":10751,"name":"Family"},{"id":16,"name":"Animation"},{"id":28,"name":"Action"},{"id":35,"name":"Comedy"}],"homepage":"http://movies.disney.com/big-hero-6","id":177572,"imdb_id":"tt2245084","original_language":"en","original_title":"Big Hero 6","overview":"The special bond that develops between plus-sized inflatable robot Baymax, and prodigy Hiro Hamada, who team up with a group of friends to form a band of high-tech heroes.","popularity":26.679,"poster_path":"/9gLu47Zw5ertuFTZaxXOvNfy78T.jpg","production_companies":[{"id":6125,"logo_path":"/tVPmo07IHhBs4HuilrcV0yujsZ9.png","name":"Walt Disney Animation Studios","origin_country":"US","movie_id":177572},{"id":2,"logo_path":"/4MbjW4f9bu6LvlDmyIvfyuT3boj.png","name":"Walt Disney Pictures","origin_country":"US","movie_id":177572}],"production_countries":[{"iso_3166_1":"US","name":"United States of America"}],"release_date":"2014-10-24","revenue":657818612,"runtime":102,"spoken_languages":[{"iso_639_1":"en","name":"English"}],"status":"Released","tagline":"","title":"Big Hero 6","video":false,"vote_average":7.8,"vote_count":9088,"bechdel":"3"},{"adult":false,"backdrop_path":"/bIlYH4l2AyYvEysmS2AOfjO7Dn8.jpg","belongs_to_collection":{"id":528,"name":"The Terminator Collection","poster_path":"/vxiKtcxAJxHhlg2H1X8y7zcM3k6.jpg","backdrop_path":"/cpmbkwSxZnKO69V82A9a34tvk2E.jpg"},"budget":155000000,"genres":[{"id":878,"name":"Science Fiction"},{"id":28,"name":"Action"},{"id":53,"name":"Thriller"},{"id":12,"name":"Adventure"}],"homepage":"http://www.terminatormovie.com/","id":87101,"imdb_id":"tt1340138","original_language":"en","original_title":"Terminator Genisys","overview":"The year is 2029. John Connor, leader of the resistance continues the war against the machines. At the Los Angeles offensive, John's fears of the unknown future begin to emerge when TECOM spies reveal a new plot by SkyNet that will attack him from both fronts; past and future, and will ultimately change warfare forever.","popularity":26.449,"poster_path":"/5JU9ytZJyR3zmClGmVm9q4Geqbd.jpg","production_companies":[{"id":82819,"logo_path":"/5Z8WWr0Lf1tInVWwJsxPP0uMz9a.png","name":"Skydance Media","origin_country":"US","movie_id":87101},{"id":13184,"logo_path":"/pfUB1a62jSMIqp4Xmaq6z2cgW0B.png","name":"Annapurna Pictures","origin_country":"US","movie_id":87101},{"id":4,"logo_path":"/fycMZt242LVjagMByZOLUGbCvv3.png","name":"Paramount","origin_country":"US","movie_id":87101}],"production_countries":[{"iso_3166_1":"US","name":"United States of America"}],"release_date":"2015-06-23","revenue":440603537,"runtime":126,"spoken_languages":[{"iso_639_1":"en","name":"English"}],"status":"Released","tagline":"Reset the future","title":"Terminator Genisys","video":false,"vote_average":5.9,"vote_count":4860,"bechdel":"0"},{"adult":false,"backdrop_path":"/lkOZcsXcOLZYeJ2YxJd3vSldvU4.jpg","belongs_to_collection":{"id":295130,"name":"The Maze Runner Collection","poster_path":"/9TzEraXQoy4Y3Ec5AcHaN9Rtb60.jpg","backdrop_path":"/eQ8iwAvGfuNnPjBCKTIVp5PsFw.jpg"},"budget":34000000,"genres":[{"id":28,"name":"Action"},{"id":9648,"name":"Mystery"},{"id":878,"name":"Science Fiction"},{"id":53,"name":"Thriller"}],"homepage":"http://themazerunnermovie.com/","id":198663,"imdb_id":"tt1790864","original_language":"en","original_title":"The Maze Runner","overview":"Set in a post-apocalyptic world, young Thomas is deposited in a community of boys after his memory is erased, soon learning they're all trapped in a maze that will require him to join forces with fellow “runners” for a shot at escape.","popularity":26.354,"poster_path":"/coss7RgL0NH6g4fC2s5atvf3dFO.jpg","production_companies":[{"id":290,"logo_path":"/Q8mw2AOQQc8Qg0uNwLWq86DVZv.png","name":"Ingenious Media","origin_country":"GB","movie_id":198663},{"id":3672,"logo_path":"/5VWXJgYYrJZUE0hixvBdVfGSfmo.png","name":"Gotham Group","origin_country":"US","movie_id":198663},{"id":8569,"logo_path":null,"name":"Dayday Films","origin_country":"GB","movie_id":198663},{"id":12292,"logo_path":"/llGRXF5WYUW2fzXg0ebCoKMXjmT.png","name":"Temple Hill Entertainment","origin_country":"US","movie_id":198663},{"id":22213,"logo_path":"/qx9K6bFWJupwde0xQDwOvXkOaL8.png","name":"TSG Entertainment","origin_country":"US","movie_id":198663},{"id":25,"logo_path":"/qZCc1lty5FzX30aOCVRBLzaVmcp.png","name":"20th Century Fox","origin_country":"US","movie_id":198663}],"production_countries":[{"iso_3166_1":"US","name":"United States of America"}],"release_date":"2014-09-10","revenue":348300000,"runtime":113,"spoken_languages":[{"iso_639_1":"en","name":"English"}],"status":"Released","tagline":"Remember. Survive. Run.","title":"The Maze Runner","video":false,"vote_average":7.1,"vote_count":9428,"bechdel":"1"},{"adult":false,"backdrop_path":"/roYyPiQDQKmIKUEhO912693tSja.jpg","belongs_to_collection":{"id":521226,"name":"A Quiet Place Collection","poster_path":null,"backdrop_path":null},"budget":17000000,"genres":[{"id":18,"name":"Drama"},{"id":27,"name":"Horror"},{"id":53,"name":"Thriller"},{"id":878,"name":"Science Fiction"}],"homepage":"http://aquietplacemovie.com","id":447332,"imdb_id":"tt6644200","original_language":"en","original_title":"A Quiet Place","overview":"A family is forced to live in silence while hiding from creatures that hunt by sound.","popularity":25.665,"poster_path":"/nAU74GmpUk7t5iklEp3bufwDq4n.jpg","production_companies":[{"id":29312,"logo_path":null,"name":"Sunday Night","origin_country":"US","movie_id":447332},{"id":2481,"logo_path":"/nVEP2IHCDOBOldgDL4SSufitN9.png","name":"Platinum Dunes","origin_country":"US","movie_id":447332},{"id":4,"logo_path":"/fycMZt242LVjagMByZOLUGbCvv3.png","name":"Paramount","origin_country":"US","movie_id":447332}],"production_countries":[{"iso_3166_1":"US","name":"United States of America"}],"release_date":"2018-04-03","revenue":332583447,"runtime":91,"spoken_languages":[{"iso_639_1":"en","name":"English"}],"status":"Released","tagline":"If they hear you, they hunt you.","title":"A Quiet Place","video":false,"vote_average":7.2,"vote_count":3781,"bechdel":"1"},{"adult":false,"backdrop_path":"/7t88SoT3Dd8DhGnQuVoSbMNUl3W.jpg","belongs_to_collection":null,"budget":0,"genres":[{"id":35,"name":"Comedy"},{"id":16,"name":"Animation"},{"id":10751,"name":"Family"},{"id":12,"name":"Adventure"},{"id":14,"name":"Fantasy"}],"homepage":"http://www.smallfootmovie.com","id":446894,"imdb_id":"tt6182908","original_language":"en","original_title":"Smallfoot","overview":"A bright young yeti finds something he thought didn't exist—a human. News of this “smallfoot” throws the simple yeti community into an uproar over what else might be out there in the big world beyond their snowy village.","popularity":26.217,"poster_path":"/4nKoB6wMVXfsYgRZK5lHZ5VMQ6J.jpg","production_companies":[{"id":2785,"logo_path":"/l5zW8jjmQOCx2dFmvnmbYmqoBmL.png","name":"Warner Bros. Animation","origin_country":"US","movie_id":446894},{"id":25120,"logo_path":"/lqUpBvDLQYG3QaKNpe2lxfpgh36.png","name":"Warner Animation Group","origin_country":"US","movie_id":446894},{"id":174,"logo_path":"/ky0xOc5OrhzkZ1N6KyUxacfQsCk.png","name":"Warner Bros. Pictures","origin_country":"US","movie_id":446894}],"production_countries":[{"iso_3166_1":"US","name":"United States of America"}],"release_date":"2018-09-20","revenue":0,"runtime":96,"spoken_languages":[{"iso_639_1":"en","name":"English"}],"status":"Released","tagline":"There's been a big myth-understanding","title":"Smallfoot","video":false,"vote_average":6.6,"vote_count":186,"bechdel":"3"},{"adult":false,"backdrop_path":"/8XeLfNQrDmFQmPTqxapfWUnKiLf.jpg","belongs_to_collection":{"id":87359,"name":"Mission: Impossible Collection","poster_path":"/gwyJPIhCK4Xz2WogeBnhCSQfUek.jpg","backdrop_path":"/1kvKAHlSdFZTT9mhAXR54ggkxOU.jpg"},"budget":150000000,"genres":[{"id":28,"name":"Action"},{"id":12,"name":"Adventure"},{"id":53,"name":"Thriller"}],"homepage":"http://www.missionimpossible.com","id":177677,"imdb_id":"tt2381249","original_language":"en","original_title":"Mission: Impossible - Rogue Nation","overview":"Ethan and team take on their most impossible mission yet, eradicating the Syndicate - an International rogue organization as highly skilled as they are, committed to destroying the IMF.","popularity":26.201,"poster_path":"/z2sJd1OvAGZLxgjBdSnQoLCfn3M.jpg","production_companies":[{"id":4,"logo_path":"/fycMZt242LVjagMByZOLUGbCvv3.png","name":"Paramount","origin_country":"US","movie_id":177677},{"id":11413,"logo_path":null,"name":"China Movie Channel","origin_country":"","movie_id":177677},{"id":11461,"logo_path":"/p9FoEt5shEKRWRKVIlvFaEmRnun.png","name":"Bad Robot","origin_country":"US","movie_id":177677},{"id":21777,"logo_path":null,"name":"TC Productions","origin_country":"","movie_id":177677},{"id":69484,"logo_path":"/2xtmvbEse87LM7OJXVksv7DToZx.png","name":"Alibaba Pictures Group","origin_country":"CN","movie_id":177677},{"id":69485,"logo_path":null,"name":"Odin","origin_country":"","movie_id":177677},{"id":82819,"logo_path":"/5Z8WWr0Lf1tInVWwJsxPP0uMz9a.png","name":"Skydance Media","origin_country":"US","movie_id":177677}],"production_countries":[{"iso_3166_1":"US","name":"United States of America"}],"release_date":"2015-07-23","revenue":682330139,"runtime":131,"spoken_languages":[{"iso_639_1":"de","name":"Deutsch"},{"iso_639_1":"en","name":"English"},{"iso_639_1":"sv","name":"svenska"}],"status":"Released","tagline":"Desperate Times. Desperate Measures.","title":"Mission: Impossible - Rogue Nation","video":false,"vote_average":7.1,"vote_count":4676,"bechdel":"0"},{"adult":false,"backdrop_path":"/cTNYRUTXkBgPH3wP3kmPUB5U6dA.jpg","belongs_to_collection":null,"budget":22000000,"genres":[{"id":18,"name":"Drama"},{"id":36,"name":"History"},{"id":10752,"name":"War"}],"homepage":"http://www.schindlerslist.com/","id":424,"imdb_id":"tt0108052","original_language":"en","original_title":"Schindler's List","overview":"The true story of how businessman Oskar Schindler saved over a thousand Jewish lives from the Nazis while they worked as slaves in his factory during World War II.","popularity":26.029,"poster_path":"/yPisjyLweCl1tbgwgtzBCNCBle.jpg","production_companies":[{"id":33,"logo_path":"/8lvHyhjr8oUKOOy2dKXoALWKdp0.png","name":"Universal Pictures","origin_country":"US","movie_id":424},{"id":56,"logo_path":"/cEaxANEisCqeEoRvODv2dO1I0iI.png","name":"Amblin Entertainment","origin_country":"US","movie_id":424}],"production_countries":[{"iso_3166_1":"US","name":"United States of America"}],"release_date":"1993-12-15","revenue":321365567,"runtime":195,"spoken_languages":[{"iso_639_1":"de","name":"Deutsch"},{"iso_639_1":"pl","name":"Polski"},{"iso_639_1":"he","name":"עִבְרִית"},{"iso_639_1":"en","name":"English"}],"status":"Released","tagline":"Whoever saves one life, saves the world entire.","title":"Schindler's List","video":false,"vote_average":8.5,"vote_count":6820,"bechdel":"3"},{"adult":false,"backdrop_path":"/hVYhrKuQNFro6jXHZMn60uYjrIP.jpg","belongs_to_collection":null,"budget":19500000,"genres":[{"id":18,"name":"Drama"},{"id":14,"name":"Fantasy"},{"id":10749,"name":"Romance"}],"homepage":"http://www.foxsearchlight.com/theshapeofwater/","id":399055,"imdb_id":"tt5580390","original_language":"en","original_title":"The Shape of Water","overview":"An other-worldly story, set against the backdrop of Cold War era America circa 1962, where a mute janitor working at a lab falls in love with an amphibious man being held captive there and devises a plan to help him escape.","popularity":21.903,"poster_path":"/k4FwHlMhuRR5BISY2Gm2QZHlH5Q.jpg","production_companies":[{"id":101082,"logo_path":null,"name":"Double Dare You Productions","origin_country":"US","movie_id":399055},{"id":43,"logo_path":"/4RgIPr55kBakgupWkzdDxqXJEqr.png","name":"Fox Searchlight Pictures","origin_country":"US","movie_id":399055},{"id":81023,"logo_path":null,"name":"Bull Productions","origin_country":"","movie_id":399055},{"id":22213,"logo_path":"/qx9K6bFWJupwde0xQDwOvXkOaL8.png","name":"TSG Entertainment","origin_country":"US","movie_id":399055}],"production_countries":[{"iso_3166_1":"US","name":"United States of America"}],"release_date":"2017-12-01","revenue":194989655,"runtime":123,"spoken_languages":[{"iso_639_1":"en","name":"English"},{"iso_639_1":"ru","name":"Pусский"}],"status":"Released","tagline":"A Fairy Tale for Troubled Times","title":"The Shape of Water","video":false,"vote_average":7.3,"vote_count":5682,"bechdel":"3"},{"adult":false,"backdrop_path":"/yVWiOMpzf7gullGvug83r7gMdha.jpg","belongs_to_collection":null,"budget":10000000,"genres":[{"id":27,"name":"Horror"},{"id":18,"name":"Drama"},{"id":9648,"name":"Mystery"},{"id":53,"name":"Thriller"}],"homepage":"https://a24films.com/films/hereditary","id":493922,"imdb_id":"tt7784604","original_language":"en","original_title":"Hereditary","overview":"When Ellen, the matriarch of the Graham family, passes away, her daughter’s family begins to unravel cryptic and increasingly terrifying secrets about their ancestry.","popularity":25.625,"poster_path":"/lHV8HHlhwNup2VbpiACtlKzaGIQ.jpg","production_companies":[{"id":24277,"logo_path":"/u42aMBx2JxWp4vgTjqcar4Kp1HI.png","name":"PalmStar Media","origin_country":"US","movie_id":493922}],"production_countries":[{"iso_3166_1":"US","name":"United States of America"}],"release_date":"2018-06-04","revenue":79275328,"runtime":127,"spoken_languages":[{"iso_639_1":"en","name":"English"}],"status":"Released","tagline":"Every family tree hides a secret.","title":"Hereditary","video":false,"vote_average":6.9,"vote_count":1471,"bechdel":"3"},{"adult":false,"backdrop_path":"/t5KONotASgVKq4N19RyhIthWOPG.jpg","belongs_to_collection":{"id":328,"name":"Jurassic Park Collection","poster_path":"/qIm2nHXLpBBdMxi8dvfrnDkBUDh.jpg","backdrop_path":"/pJjIH9QN0OkHFV9eue6XfRVnPkr.jpg"},"budget":150000000,"genres":[{"id":28,"name":"Action"},{"id":12,"name":"Adventure"},{"id":878,"name":"Science Fiction"},{"id":53,"name":"Thriller"}],"homepage":"http://www.jurassicworld.com/","id":135397,"imdb_id":"tt0369610","original_language":"en","original_title":"Jurassic World","overview":"Twenty-two years after the events of Jurassic Park, Isla Nublar now features a fully functioning dinosaur theme park, Jurassic World, as originally envisioned by John Hammond.","popularity":25.503,"poster_path":"/jjBgi2r5cRt36xF6iNUEhzscEcb.jpg","production_companies":[{"id":3341,"logo_path":"/dTG5dXE1kU2mpmL9BNnraffckLU.png","name":"Fuji Television Network","origin_country":"JP","movie_id":135397},{"id":56,"logo_path":"/cEaxANEisCqeEoRvODv2dO1I0iI.png","name":"Amblin Entertainment","origin_country":"US","movie_id":135397},{"id":923,"logo_path":"/5UQsZrfbfG2dYJbx8DxfoTr2Bvu.png","name":"Legendary Entertainment","origin_country":"US","movie_id":135397},{"id":33,"logo_path":"/8lvHyhjr8oUKOOy2dKXoALWKdp0.png","name":"Universal Pictures","origin_country":"US","movie_id":135397},{"id":1778,"logo_path":"/69xm6sF3JxugGVjfZfm1YY6d7EE.png","name":"Dentsu","origin_country":"JP","movie_id":135397},{"id":862,"logo_path":"/udTjbqPmcTbfrihMuLtLcizDEM1.png","name":"The Kennedy/Marshall Company","origin_country":"US","movie_id":135397}],"production_countries":[{"iso_3166_1":"US","name":"United States of America"}],"release_date":"2015-06-06","revenue":1671713208,"runtime":124,"spoken_languages":[{"iso_639_1":"en","name":"English"}],"status":"Released","tagline":"The park is open.","title":"Jurassic World","video":false,"vote_average":6.6,"vote_count":12746,"bechdel":"3"},{"adult":false,"backdrop_path":"/vc8bCGjdVp0UbMNLzHnHSLRbBWQ.jpg","belongs_to_collection":{"id":531241,"name":"Spider-Man (Avengers) Collection","poster_path":"/zd1Hol7Mxh3xU0b5AHyzFkjJAXY.jpg","backdrop_path":"/AvnqpRwlEaYNVL6wzC4RN94EdSd.jpg"},"budget":175000000,"genres":[{"id":28,"name":"Action"},{"id":12,"name":"Adventure"},{"id":878,"name":"Science Fiction"},{"id":18,"name":"Drama"}],"homepage":"http://www.spidermanhomecoming.com","id":315635,"imdb_id":"tt2250912","original_language":"en","original_title":"Spider-Man: Homecoming","overview":"Following the events of Captain America: Civil War, Peter Parker, with the help of his mentor Tony Stark, tries to balance his life as an ordinary high school student in Queens, New York City, with fighting crime as his superhero alter ego Spider-Man as a new threat, the Vulture, emerges.","popularity":18.952,"poster_path":"/5x00yQZ3Mcz7duwMKc9GE8oZjFf.jpg","production_companies":[{"id":420,"logo_path":"/hUzeosd33nzE5MCNsZxCGEKTXaQ.png","name":"Marvel Studios","origin_country":"US","movie_id":315635},{"id":5,"logo_path":"/71BqEFAF4V3qjjMPCpLuyJFB9A.png","name":"Columbia Pictures","origin_country":"US","movie_id":315635},{"id":84041,"logo_path":null,"name":"Pascal Pictures","origin_country":"US","movie_id":315635},{"id":34034,"logo_path":null,"name":"LStar Capital","origin_country":"US","movie_id":315635}],"production_countries":[{"iso_3166_1":"US","name":"United States of America"}],"release_date":"2017-07-05","revenue":880166924,"runtime":133,"spoken_languages":[{"iso_639_1":"en","name":"English"}],"status":"Released","tagline":"Homework can wait. The city can't.","title":"Spider-Man: Homecoming","video":false,"vote_average":7.4,"vote_count":9475,"bechdel":"3"},{"adult":false,"backdrop_path":"/kRyojLYtWPsBKfDhphhhl1FdM5a.jpg","belongs_to_collection":{"id":1241,"name":"Harry Potter Collection","poster_path":"/eVPs2Y0LyvTLZn6AP5Z6O2rtiGB.jpg","backdrop_path":"/wfnMt6LGqYHcNyOfsuusw5lX3bL.jpg"},"budget":250000000,"genres":[{"id":12,"name":"Adventure"},{"id":14,"name":"Fantasy"},{"id":10751,"name":"Family"}],"homepage":"http://harrypotter.warnerbros.com/harrypotterandthehalf-bloodprince/dvd/index.html","id":767,"imdb_id":"tt0417741","original_language":"en","original_title":"Harry Potter and the Half-Blood Prince","overview":"As Harry begins his sixth year at Hogwarts, he discovers an old book marked as 'Property of the Half-Blood Prince', and begins to learn more about Lord Voldemort's dark past.","popularity":25.287,"poster_path":"/bFXys2nhALwDvpkF3dP3Vvdfn8b.jpg","production_companies":[{"id":174,"logo_path":"/ky0xOc5OrhzkZ1N6KyUxacfQsCk.png","name":"Warner Bros. Pictures","origin_country":"US","movie_id":767},{"id":437,"logo_path":"/nu20mtwbEIhUNnQ5NXVhHsNknZj.png","name":"Heyday Films","origin_country":"GB","movie_id":767}],"production_countries":[{"iso_3166_1":"GB","name":"United Kingdom"},{"iso_3166_1":"US","name":"United States of America"}],"release_date":"2009-07-07","revenue":933959197,"runtime":153,"spoken_languages":[{"iso_639_1":"en","name":"English"}],"status":"Released","tagline":"Dark Secrets Revealed","title":"Harry Potter and the Half-Blood Prince","video":false,"vote_average":7.6,"vote_count":8965,"bechdel":"3"},{"adult":false,"backdrop_path":"/4iJfYYoQzZcONB9hNzg0J0wWyPH.jpg","belongs_to_collection":{"id":10,"name":"Star Wars Collection","poster_path":"/iTQHKziZy9pAAY4hHEDCGPaOvFC.jpg","backdrop_path":"/d8duYyyC9J5T825Hg7grmaabfxQ.jpg"},"budget":11000000,"genres":[{"id":12,"name":"Adventure"},{"id":28,"name":"Action"},{"id":878,"name":"Science Fiction"}],"homepage":"http://www.starwars.com/films/star-wars-episode-iv-a-new-hope","id":11,"imdb_id":"tt0076759","original_language":"en","original_title":"Star Wars","overview":"Princess Leia is captured and held hostage by the evil Imperial forces in their effort to take over the galactic Empire. Venturesome Luke Skywalker and dashing captain Han Solo team together with the loveable robot duo R2-D2 and C-3PO to rescue the beautiful princess and restore peace and justice in the Empire.","popularity":25.026,"poster_path":"/btTdmkgIvOi0FFip1sPuZI2oQG6.jpg","production_companies":[{"id":1,"logo_path":"/o86DbpburjxrqAzEDhXZcyE8pDb.png","name":"Lucasfilm","origin_country":"US","movie_id":11},{"id":25,"logo_path":"/qZCc1lty5FzX30aOCVRBLzaVmcp.png","name":"20th Century Fox","origin_country":"US","movie_id":11}],"production_countries":[{"iso_3166_1":"US","name":"United States of America"}],"release_date":"1977-05-25","revenue":775398007,"runtime":121,"spoken_languages":[{"iso_639_1":"en","name":"English"}],"status":"Released","tagline":"A long time ago in a galaxy far, far away...","title":"Star Wars","video":false,"vote_average":8.2,"vote_count":10159,"bechdel":"1"},{"adult":false,"backdrop_path":"/tFI8VLMgSTTU38i8TIsklfqS9Nl.jpg","belongs_to_collection":null,"budget":166000000,"genres":[{"id":28,"name":"Action"},{"id":12,"name":"Adventure"},{"id":14,"name":"Fantasy"},{"id":878,"name":"Science Fiction"}],"homepage":"http://marvel.com/doctorstrange","id":284052,"imdb_id":"tt1211837","original_language":"en","original_title":"Doctor Strange","overview":"After his career is destroyed, a brilliant but arrogant surgeon gets a new lease on life when a sorcerer takes him under her wing and trains him to defend the world against evil.","popularity":23.436,"poster_path":"/4PiiNGXj1KENTmCBHeN6Mskj2Fq.jpg","production_companies":[{"id":420,"logo_path":"/hUzeosd33nzE5MCNsZxCGEKTXaQ.png","name":"Marvel Studios","origin_country":"US","movie_id":284052}],"production_countries":[{"iso_3166_1":"US","name":"United States of America"}],"release_date":"2016-10-25","revenue":677718395,"runtime":115,"spoken_languages":[{"iso_639_1":"en","name":"English"}],"status":"Released","tagline":"Open your mind. Change your reality.","title":"Doctor Strange","video":false,"vote_average":7.3,"vote_count":10416,"bechdel":"1"},{"adult":false,"backdrop_path":"/1sZ9Nnic1ldHhHttAMDmNxaNM04.jpg","belongs_to_collection":{"id":256322,"name":"The Purge Collection","poster_path":"/fMfASrecQHhqBN7zRxqi5uYSb4.jpg","backdrop_path":"/quFWGOA4I5KCTsyDbvLh6PHNZwv.jpg"},"budget":3000000,"genres":[{"id":878,"name":"Science Fiction"},{"id":27,"name":"Horror"},{"id":53,"name":"Thriller"}],"homepage":null,"id":158015,"imdb_id":"tt2184339","original_language":"en","original_title":"The Purge","overview":"Given the country's overcrowded prisons, the U.S. government begins to allow 12-hour periods of time in which all illegal activity is legal. During one of these free-for-alls, a family must protect themselves from a home invasion.","popularity":24.91,"poster_path":"/tGGJOuLHX7UDlTz57sjfhW1qreP.jpg","production_companies":[{"id":33,"logo_path":"/8lvHyhjr8oUKOOy2dKXoALWKdp0.png","name":"Universal Pictures","origin_country":"US","movie_id":158015},{"id":729,"logo_path":"/hNxGdbddbsDDnEWJ7RNLcGCRSLQ.png","name":"Why Not Productions","origin_country":"FR","movie_id":158015},{"id":2481,"logo_path":"/nVEP2IHCDOBOldgDL4SSufitN9.png","name":"Platinum Dunes","origin_country":"US","movie_id":158015},{"id":3172,"logo_path":"/kDedjRZwO8uyFhuHamomOhN6fzG.png","name":"Blumhouse Productions","origin_country":"US","movie_id":158015},{"id":18065,"logo_path":null,"name":"20th Century Fox Russia","origin_country":"","movie_id":158015}],"production_countries":[{"iso_3166_1":"FR","name":"France"},{"iso_3166_1":"US","name":"United States of America"}],"release_date":"2013-05-31","revenue":89328627,"runtime":86,"spoken_languages":[{"iso_639_1":"en","name":"English"}],"status":"Released","tagline":"One night a year, all crime is legal.","title":"The Purge","video":false,"vote_average":6.2,"vote_count":4140,"bechdel":"3"},{"adult":false,"backdrop_path":"/m5O3SZvQ6EgD5XXXLPIP1wLppeW.jpg","belongs_to_collection":{"id":131295,"name":"Captain America Collection","poster_path":"/2tOgiY533JSFp7OrVlkeRJvsZpI.jpg","backdrop_path":"/nZSYqitBkAvmoq5IrsGsSWuhSC8.jpg"},"budget":240000000,"genres":[{"id":12,"name":"Adventure"},{"id":28,"name":"Action"},{"id":878,"name":"Science Fiction"}],"homepage":"http://marvel.com/captainamericapremiere","id":271110,"imdb_id":"tt3498820","original_language":"en","original_title":"Captain America: Civil War","overview":"Following the events of Age of Ultron, the collective governments of the world pass an act designed to regulate all superhuman activity. This polarizes opinion amongst the Avengers, causing two factions to side with Iron Man or Captain America, which causes an epic battle between former allies.","popularity":26.999,"poster_path":"/kSBXou5Ac7vEqKd97wotJumyJvU.jpg","production_companies":[{"id":420,"logo_path":"/hUzeosd33nzE5MCNsZxCGEKTXaQ.png","name":"Marvel Studios","origin_country":"US","movie_id":271110}],"production_countries":[{"iso_3166_1":"US","name":"United States of America"}],"release_date":"2016-04-27","revenue":1153304495,"runtime":147,"spoken_languages":[{"iso_639_1":"ro","name":"Română"},{"iso_639_1":"en","name":"English"},{"iso_639_1":"de","name":"Deutsch"},{"iso_639_1":"ru","name":"Pусский"}],"status":"Released","tagline":"Divided We Fall","title":"Captain America: Civil War","video":false,"vote_average":7.3,"vote_count":11849,"bechdel":"3"},{"adult":false,"backdrop_path":"/oQWWth5AOtbWG9o8SCAviGcADed.jpg","belongs_to_collection":{"id":748,"name":"X-Men Collection","poster_path":"/1Zo4J5SAni8lyXt7NxJwJZ0f0ip.jpg","backdrop_path":"/Abnosho2v3bcdvDww6T7Hfeczm1.jpg"},"budget":178000000,"genres":[{"id":28,"name":"Action"},{"id":12,"name":"Adventure"},{"id":878,"name":"Science Fiction"},{"id":14,"name":"Fantasy"}],"homepage":"http://www.foxmovies.com/movies/x-men-apocalypse","id":246655,"imdb_id":"tt3385516","original_language":"en","original_title":"X-Men: Apocalypse","overview":"After the re-emergence of the world's first mutant, world-destroyer Apocalypse, the X-Men must unite to defeat his extinction level plan.","popularity":21.782,"poster_path":"/zSouWWrySXshPCT4t3UKCQGayyo.jpg","production_companies":[{"id":431,"logo_path":null,"name":"The Donners' Company","origin_country":"US","movie_id":246655},{"id":7505,"logo_path":"/837VMM4wOkODc1idNxGT0KQJlej.png","name":"Marvel Entertainment","origin_country":"US","movie_id":246655},{"id":9168,"logo_path":"/hQNXrYIuyLRxMSBuGHk0GX7CCBS.png","name":"Bad Hat Harry Productions","origin_country":"US","movie_id":246655},{"id":22213,"logo_path":"/qx9K6bFWJupwde0xQDwOvXkOaL8.png","name":"TSG Entertainment","origin_country":"US","movie_id":246655},{"id":25,"logo_path":"/qZCc1lty5FzX30aOCVRBLzaVmcp.png","name":"20th Century Fox","origin_country":"US","movie_id":246655},{"id":28788,"logo_path":null,"name":"Genre Films","origin_country":"US","movie_id":246655}],"production_countries":[{"iso_3166_1":"US","name":"United States of America"}],"release_date":"2016-05-18","revenue":543934787,"runtime":144,"spoken_languages":[{"iso_639_1":"en","name":"English"}],"status":"Released","tagline":"Only the strong will survive","title":"X-Men: Apocalypse","video":false,"vote_average":6.5,"vote_count":7319,"bechdel":"3"},{"adult":false,"backdrop_path":"/6bbZ6XyvgfjhQwbplnUh1LSj1ky.jpg","belongs_to_collection":null,"budget":3300000,"genres":[{"id":18,"name":"Drama"}],"homepage":"http://sonyclassics.com/whiplash/","id":244786,"imdb_id":"tt2582802","original_language":"en","original_title":"Whiplash","overview":"Under the direction of a ruthless instructor, a talented young drummer begins to pursue perfection at any cost, even his humanity.","popularity":24.754,"poster_path":"/lIv1QinFqz4dlp5U4lQ6HaiskOZ.jpg","production_companies":[{"id":2266,"logo_path":"/owzVs2mguyyJ3vIn7EbgowpUPnk.png","name":"Bold Films","origin_country":"US","movie_id":244786},{"id":3172,"logo_path":"/kDedjRZwO8uyFhuHamomOhN6fzG.png","name":"Blumhouse Productions","origin_country":"US","movie_id":244786},{"id":32157,"logo_path":null,"name":"Right of Way Films","origin_country":"US","movie_id":244786}],"production_countries":[{"iso_3166_1":"US","name":"United States of America"}],"release_date":"2014-10-10","revenue":13092000,"runtime":107,"spoken_languages":[{"iso_639_1":"en","name":"English"}],"status":"Released","tagline":"The road to greatness can take you to the edge.","title":"Whiplash","video":false,"vote_average":8.4,"vote_count":6819,"bechdel":"1"},{"adult":false,"backdrop_path":"/fLL6WfUXvdQee1fD4xuzNnWfVBk.jpg","belongs_to_collection":{"id":656,"name":"Saw Collection","poster_path":"/xmC2A7qPEfiOkQC58fZh8srWQ5v.jpg","backdrop_path":"/kKdI4h6VuCFAtHZc1POTWwY5r0I.jpg"},"budget":1200000,"genres":[{"id":27,"name":"Horror"},{"id":9648,"name":"Mystery"},{"id":80,"name":"Crime"}],"homepage":null,"id":176,"imdb_id":"tt0387564","original_language":"en","original_title":"Saw","overview":"Obsessed with teaching his victims the value of life, a deranged, sadistic serial killer abducts the morally wayward. Once captured, they must face impossible choices in a horrific game of survival. The victims must fight to win their lives back, or die trying...","popularity":24.75,"poster_path":"/dHYvIgsax8ZFgkz1OslE4V6Pnf5.jpg","production_companies":[{"id":2061,"logo_path":null,"name":"Twisted Pictures","origin_country":"","movie_id":176},{"id":23019,"logo_path":null,"name":"Evolution Entertainment","origin_country":"","movie_id":176},{"id":55405,"logo_path":null,"name":"Saw Productions Inc.","origin_country":"","movie_id":176},{"id":1632,"logo_path":"/cisLn1YAUuptXVBa0xjq7ST9cH0.png","name":"Lionsgate","origin_country":"US","movie_id":176}],"production_countries":[{"iso_3166_1":"US","name":"United States of America"}],"release_date":"2004-10-01","revenue":103911669,"runtime":103,"spoken_languages":[{"iso_639_1":"en","name":"English"}],"status":"Released","tagline":"Live or die. Make your choice.","title":"Saw","video":false,"vote_average":7.3,"vote_count":4139,"bechdel":"2"},{"adult":false,"backdrop_path":"/c66otZnSdri67kR7ps92kRX849o.jpg","belongs_to_collection":null,"budget":1488423,"genres":[{"id":14,"name":"Fantasy"},{"id":16,"name":"Animation"},{"id":10751,"name":"Family"}],"homepage":"http://movies.disney.com/snow-white-and-the-seven-dwarfs","id":408,"imdb_id":"tt0029583","original_language":"en","original_title":"Snow White and the Seven Dwarfs","overview":"A beautiful girl, Snow White, takes refuge in the forest in the house of seven dwarfs to hide from her stepmother, the wicked Queen. The Queen is jealous because she wants to be known as \"the fairest in the land,\" and Snow White's beauty surpasses her own.","popularity":24.681,"poster_path":"/bOtgcOIFBCUFdY2a737Na6gWQ0X.jpg","production_companies":[{"id":3166,"logo_path":"/vyyv4Gy9nPqAZKElPm2izLlEaVS.png","name":"Walt Disney Productions","origin_country":"US","movie_id":408}],"production_countries":[{"iso_3166_1":"US","name":"United States of America"}],"release_date":"1937-12-20","revenue":184925486,"runtime":83,"spoken_languages":[{"iso_639_1":"en","name":"English"}],"status":"Released","tagline":"The Happiest, Dopiest, Grumpiest, Sneeziest movie of the year.","title":"Snow White and the Seven Dwarfs","video":false,"vote_average":7,"vote_count":3455,"bechdel":"3"},{"adult":false,"backdrop_path":"/vsjBeMPZtyB7yNsYY56XYxifaQZ.jpg","belongs_to_collection":{"id":209131,"name":"Man of Steel Collection","poster_path":"/rNnIW6xSPeTiIUtsfEhFeIRiJVv.jpg","backdrop_path":"/csERw2A3XIsGegkzil6UGpyhqfw.jpg"},"budget":250000000,"genres":[{"id":28,"name":"Action"},{"id":12,"name":"Adventure"},{"id":14,"name":"Fantasy"}],"homepage":"http://www.batmanvsupermandawnofjustice.com/","id":209112,"imdb_id":"tt2975590","original_language":"en","original_title":"Batman v Superman: Dawn of Justice","overview":"Fearing the actions of a god-like Super Hero left unchecked, Gotham City’s own formidable, forceful vigilante takes on Metropolis’s most revered, modern-day savior, while the world wrestles with what sort of hero it really needs. And with Batman and Superman at war with one another, a new threat quickly arises, putting mankind in greater danger than it’s ever known before.","popularity":21.412,"poster_path":"/cGOPbv9wA5gEejkUN892JrveARt.jpg","production_companies":[{"id":41624,"logo_path":"/wzKxIeQKlMP0y5CaAw25MD6EQmf.png","name":"RatPac-Dune Entertainment","origin_country":"US","movie_id":209112},{"id":507,"logo_path":"/z7H707qUWigbjHnJDMfj6QITEpb.png","name":"Atlas Entertainment","origin_country":"US","movie_id":209112},{"id":9995,"logo_path":"/mAIGhOYhN4N2N0F7p4dbKhgXf3l.png","name":"Cruel & Unusual Films","origin_country":"US","movie_id":209112},{"id":429,"logo_path":"/2Tc1P3Ac8M479naPp1kYT3izLS5.png","name":"DC Comics","origin_country":"US","movie_id":209112},{"id":9993,"logo_path":"/2Tc1P3Ac8M479naPp1kYT3izLS5.png","name":"DC Entertainment","origin_country":"US","movie_id":209112},{"id":174,"logo_path":"/ky0xOc5OrhzkZ1N6KyUxacfQsCk.png","name":"Warner Bros. Pictures","origin_country":"US","movie_id":209112}],"production_countries":[{"iso_3166_1":"US","name":"United States of America"}],"release_date":"2016-03-23","revenue":873260194,"runtime":151,"spoken_languages":[{"iso_639_1":"en","name":"English"}],"status":"Released","tagline":"Justice or revenge","title":"Batman v Superman: Dawn of Justice","video":false,"vote_average":5.8,"vote_count":10703,"bechdel":"2"},{"adult":false,"backdrop_path":"/bLJTjfbZ1c5zSNiAvGYs1Uc82ir.jpg","belongs_to_collection":null,"budget":94000000,"genres":[{"id":28,"name":"Action"},{"id":12,"name":"Adventure"},{"id":14,"name":"Fantasy"}],"homepage":"http://www.tombraidermovie.com/","id":338970,"imdb_id":"tt1365519","original_language":"en","original_title":"Tomb Raider","overview":"Lara Croft, the fiercely independent daughter of a missing adventurer, must push herself beyond her limits when she finds herself on the island where her father disappeared.","popularity":24.283,"poster_path":"/3zrC5tUiR35rTz9stuIxnU1nUS5.jpg","production_companies":[{"id":10038,"logo_path":"/nCueXKwYIEXrZ5ofqSJBO1YcmRr.png","name":"Square Enix","origin_country":"JP","movie_id":338970},{"id":19105,"logo_path":"/pJCF2BKGwpeEslaOC61vywdFpAe.png","name":"Eidos Interactive","origin_country":"GB","movie_id":338970},{"id":3281,"logo_path":"/8tMybAieh64uzvm8knSjXOFX8Qc.png","name":"GK Films","origin_country":"GB","movie_id":338970},{"id":21,"logo_path":"/mjofSXiHpG5t6KYmU4l4FrUhT7m.png","name":"Metro-Goldwyn-Mayer","origin_country":"US","movie_id":338970},{"id":174,"logo_path":"/ky0xOc5OrhzkZ1N6KyUxacfQsCk.png","name":"Warner Bros. Pictures","origin_country":"US","movie_id":338970}],"production_countries":[{"iso_3166_1":"GB","name":"United Kingdom"},{"iso_3166_1":"US","name":"United States of America"}],"release_date":"2018-03-05","revenue":273521715,"runtime":118,"spoken_languages":[{"iso_639_1":"en","name":"English"}],"status":"Released","tagline":"Her legend begins","title":"Tomb Raider","video":false,"vote_average":6.3,"vote_count":3290,"bechdel":"3"},{"adult":false,"backdrop_path":"/6jajFcaY2YsfGQstJ5HaqZNVseX.jpg","belongs_to_collection":{"id":135416,"name":"Prometheus Collection","poster_path":"/gMjiXB5dhV8nN77xXnhTIhARE7a.jpg","backdrop_path":"/cK83Pq8SJoeSTnLJucr8IWn35KF.jpg"},"budget":97000000,"genres":[{"id":27,"name":"Horror"},{"id":878,"name":"Science Fiction"},{"id":53,"name":"Thriller"}],"homepage":"https://alienuniverse.com/alien-covenant","id":126889,"imdb_id":"tt2316204","original_language":"en","original_title":"Alien: Covenant","overview":"Bound for a remote planet on the far side of the galaxy, the crew of the colony ship 'Covenant' discovers what is thought to be an uncharted paradise, but is actually a dark, dangerous world—which has a sole inhabitant: the 'synthetic', David, survivor of the doomed Prometheus expedition.","popularity":24.035,"poster_path":"/zecMELPbU5YMQpC81Z8ImaaXuf9.jpg","production_companies":[{"id":1645,"logo_path":"/6Ry6uNBaa0IbbSs1XYIgX5DkA9r.png","name":"Scott Free Productions","origin_country":"","movie_id":126889},{"id":19747,"logo_path":null,"name":"Brandywine Productions","origin_country":"","movie_id":126889},{"id":22213,"logo_path":"/qx9K6bFWJupwde0xQDwOvXkOaL8.png","name":"TSG Entertainment","origin_country":"US","movie_id":126889},{"id":25,"logo_path":"/qZCc1lty5FzX30aOCVRBLzaVmcp.png","name":"20th Century Fox","origin_country":"US","movie_id":126889}],"production_countries":[{"iso_3166_1":"AU","name":"Australia"},{"iso_3166_1":"CA","name":"Canada"},{"iso_3166_1":"NZ","name":"New Zealand"},{"iso_3166_1":"GB","name":"United Kingdom"},{"iso_3166_1":"US","name":"United States of America"}],"release_date":"2017-05-09","revenue":232380243,"runtime":122,"spoken_languages":[{"iso_639_1":"en","name":"English"}],"status":"Released","tagline":"The path to paradise begins in hell","title":"Alien: Covenant","video":false,"vote_average":5.9,"vote_count":4412,"bechdel":"3"},{"adult":false,"backdrop_path":"/ib247UzpzFwZp5XW2RZtwSHqLf0.jpg","belongs_to_collection":{"id":399,"name":"Predator Collection","poster_path":"/6Z7lASptoiRVxiCFvZaFgH9qp7u.jpg","backdrop_path":"/fXVzk9OxQwROCuiWvd0Cv76qmZi.jpg"},"budget":18000000,"genres":[{"id":878,"name":"Science Fiction"},{"id":28,"name":"Action"},{"id":12,"name":"Adventure"},{"id":53,"name":"Thriller"}],"homepage":null,"id":106,"imdb_id":"tt0093773","original_language":"en","original_title":"Predator","overview":"Dutch and his group of commandos are hired by the CIA to rescue downed airmen from guerillas in a Central American jungle. The mission goes well but as they return they find that something is hunting them. Nearly invisible, it blends in with the forest, taking trophies from the bodies of its victims as it goes along. Occasionally seeing through its eyes, the audience sees it is an intelligent alien hunter, hunting them for sport, killing them off one at a time.","popularity":23.993,"poster_path":"/p6fhq04t75yCfE0kSTNZGQvWuQ1.jpg","production_companies":[{"id":5263,"logo_path":null,"name":"Amercent Films","origin_country":"","movie_id":106},{"id":5264,"logo_path":null,"name":"American Entertainment Partners L.P.","origin_country":"","movie_id":106},{"id":1302,"logo_path":"/kQZtJdyphCmq292iGDqlUx0yk2D.png","name":"Davis Entertainment","origin_country":"US","movie_id":106},{"id":840,"logo_path":null,"name":"Lawrence Gordon Productions","origin_country":"","movie_id":106},{"id":1885,"logo_path":"/xlvoOZr4s1PygosrwZyolIFe5xs.png","name":"Silver Pictures","origin_country":"US","movie_id":106},{"id":25,"logo_path":"/qZCc1lty5FzX30aOCVRBLzaVmcp.png","name":"20th Century Fox","origin_country":"US","movie_id":106}],"production_countries":[{"iso_3166_1":"US","name":"United States of America"}],"release_date":"1987-06-12","revenue":98235548,"runtime":107,"spoken_languages":[{"iso_639_1":"en","name":"English"},{"iso_639_1":"es","name":"Español"}],"status":"Released","tagline":"If it bleeds, we can kill it...","title":"Predator","video":false,"vote_average":7.4,"vote_count":3247,"bechdel":"0"},{"adult":false,"backdrop_path":"/aHcth2AXzZSjhX7JYh7ie73YVNc.jpg","belongs_to_collection":{"id":87096,"name":"Avatar Collection","poster_path":"/nslJVsO58Etqkk17oXMuVK4gNOF.jpg","backdrop_path":"/9s4BM48NweGFrIRE6haIul0YJ9f.jpg"},"budget":237000000,"genres":[{"id":28,"name":"Action"},{"id":12,"name":"Adventure"},{"id":14,"name":"Fantasy"},{"id":878,"name":"Science Fiction"}],"homepage":"http://www.avatarmovie.com/","id":19995,"imdb_id":"tt0499549","original_language":"en","original_title":"Avatar","overview":"In the 22nd century, a paraplegic Marine is dispatched to the moon Pandora on a unique mission, but becomes torn between following orders and protecting an alien civilization.","popularity":25.553,"poster_path":"/kmcqlZGaSh20zpTbuoF0Cdn07dT.jpg","production_companies":[{"id":289,"logo_path":null,"name":"Ingenious Film Partners","origin_country":"","movie_id":19995},{"id":444,"logo_path":null,"name":"Dune Entertainment","origin_country":"US","movie_id":19995},{"id":574,"logo_path":"/iB6GjNVHs5hOqcEYt2rcjBqIjki.png","name":"Lightstorm Entertainment","origin_country":"US","movie_id":19995},{"id":25,"logo_path":"/qZCc1lty5FzX30aOCVRBLzaVmcp.png","name":"20th Century Fox","origin_country":"US","movie_id":19995}],"production_countries":[{"iso_3166_1":"US","name":"United States of America"},{"iso_3166_1":"GB","name":"United Kingdom"}],"release_date":"2009-12-10","revenue":2787965087,"runtime":162,"spoken_languages":[{"iso_639_1":"en","name":"English"},{"iso_639_1":"es","name":"Español"}],"status":"Released","tagline":"Enter the World of Pandora.","title":"Avatar","video":false,"vote_average":7.4,"vote_count":16744,"bechdel":"2"}]